3334 5292
1471 1424 1586 1506 ΠΙ
1621 1425 1767 1519 3,»1.

429 1559 498 1624 ln
535 1557 740 1640 codd.
778 1556 837 1623 A
872 1557 1200 1643 legimus:
1264 1557 1708 1644 „Thymodes
1759 1563 1923 1638 erat,
1981 1558 2314 1634 Mentoris
2363 1558 2561 1637 filius,
2613 1556 2906 1644 impiger

338 1656 636 1723 iuvenis:
689 1655 798 1721 cui
835 1659 1283 1741 praeceptum
1319 1675 1358 1720 a
1392 1675 1573 1742 rege,
1617 1674 1863 1722 omnes
1901 1655 2302 1742 peregrinos
2340 1655 2606 1737 milites,
2651 1655 2714 1719 in
2751 1655 2903 1742 quis

339 1753 707 1842 plurimum
777 1752 1071 1819 habebat
1133 1752 1302 1839 spei,
1369 1772 1407 1818 a
1464 1750 1913 1819 Pharnabazo
1980 1753 2323 1839 acciperet
2388 1772 2599 1840 opera
2662 1773 2902 1819 eorum

340 1872 662 1918 usurus
714 1851 777 1916 in
816 1850 1074 1916 'bello“.

426 1948 776 2016 Arnoldus
814 1947 996 2035 Hug,
1047 1969 1254 2035 quem
1291 1953 1672 2035 sequuntur
1706 1948 1946 2036 Vogel,
1998 1948 2308 2029 Damste,
2353 1946 2615 2035 Stangl,
2667 1952 2904 2014 censet

339 2047 771 2134 participium
816 2046 1016 2112 futuri
1069 2046 1362 2113 ‘usurus’
1415 2047 1929 2112 emendandum
1981 2066 2158 2128 esse,
2216 2047 2479 2112 scilicet
2526 2045 2716 2134 quod
2767 2065 2905 2111 non

340 2149 678 2231 congruat
728 2164 886 2210 cum
938 2163 1021 2210 eo
1074 2145 1372 2228 nomine,
1423 2145 1508 2210 ad
1562 2145 1749 2232 quod
1802 2145 1949 2212 sine
2001 2144 2210 2210 dubio
2263 2145 2617 2231 pertineat,
2669 2143 2706 2209 i.
2736 2163 2793 2209 e.
2847 2143 2915 2226 ‘a'

338 2243 543 2329 rege’.
635 2240 1108 2324 Quamobrem
1159 2243 1465 2309 scribunt
1531 2242 1837 2308 ‘usurum
1889 2244 2005 2308 se’.
2105 2239 2245 2309 Sed
2305 2246 2530 2309 errant
2579 2241 2766 2307 docti
2817 2233 2924 2305 illi'

339 2340 676 2407 homines,
749 2339 925 2406 Nam
962 2360 1121 2405 cum
1158 2340 1388 2406 animo
1424 2341 1781 2427 scriptoris
1824 2345 2176 2427 tamquam
2212 2340 2600 2415 subiectum
2638 2338 2905 2405 Dareus

338 2439 840 2519 obversaretur,
892 2457 976 2504 eo
1030 2438 1270 2525 magiS,
1322 2439 1508 2525 quod
1543 2437 1816 2521 Dareus
1875 2438 1939 2503 in
1990 2438 2327 2504 sententia
2379 2437 2656 2503 relativa
2705 2436 2907 2502 inter-

340 2536 565 2625 posita
628 2535 746 2621 (‘in
807 2535 959 2622 quis
1010 2537 1377 2622 plurimum
1430 2537 1725 2602 habebat
1773 2535 1974 2623 spei')
2024 2556 2182 2602 vere
2232 2540 2336 2602 est
2386 2534 2673 2602 subiecti
2724 2535 2903 2616 loco,

341 2633 619 2702 Curtius
669 2634 1093 2701 nominativo
1130 2634 1465 2722 participii
1516 2653 1685 2700 usus
1720 2639 1843 2701 est.
1921 2633 2104 2718 Quid
2140 2634 2329 2720 quod
2364 2653 2571 2699 nemo
2610 2631 2659 2699 R
2682 2651 2904 2699 oma-

340 2753 534 2814 nuS‚
585 2731 698 2819 qui
737 2729 1050 2799 Curtium
1102 2732 1402 2818 legebat,
1452 2733 1660 2798 verba
1713 2732 1946 2819 ‘opera
1994 2752 2236 2798 eorum
2288 2751 2535 2798 usurus
2586 2731 2649 2796 in
2701 2730 2902 2796 bello'

339 2831 426 2896 ad
476 2831 680 2896 alium
748 2849 1198 2917 quemquam,
1265 2831 1391 2896 nisi
1451 2831 1534 2896 ad
1603 2851 1954 2896 summum
2014 2831 2263 2897 ducem
2322 2830 2359 2896 i.
2405 2849 2461 2895 e.
2520 2829 2607 2896 ad
2667 2847 2902 2913 regem

340 2928 673 2995 referebat
708 2926 1204 3015 (comp.Vogel
1235 2928 1284 2992 1³
1305 2948 1461 3015 pag.
1485 2931 1567 2994 76
1602 2929 1689 2995 ad
1718 2929 1899 2994 hunc
1928 2928 2240 3014 locum)?
2293 2926 2903 2994 Constructionem

339 3027 709 3092 verborum
761 3046 899 3092 non
938 3026 1162 3092 minus
1198 3026 1463 3108 miram,
1514 3045 1690 3114 quae
1726 3026 2103 3113 scriptoris,
2155 3047 2293 3093 non
2346 3024 2586 3090 librarii
2632 3028 2755 3107 est,
2806 3023 2905 3088 in-

338 3123 653 3190 venimus
705 3125 919 3190 altero
971 3124 1127 3190 loco
1165 3123 1219 3188 V
1257 3127 1530 3206 10,5s6:
1587 3123 1763 3205 „Diu
1815 3125 2139 3191 omnibus
2190 3123 2510 3211 cogitatis
2560 3121 2904 3210 placuit

342 3242 463 3310 per
528 3222 773 3287 milites
839 3221 1243 3289 Bactrianos
1313 3223 1400 3288 ad
1466 3243 1673 3289 omne
1739 3222 2151 3309 obsequium
2218 3221 2599 3288 destinatos
2666 3239 2900 3306 regem

342 3320 937 3406 comprehendere
998 3320 1305 3406 mittique
1355 3320 1666 3386 nuntium
1718 3321 1805 3386 ad
1854 3318 2344 3402 Alexandrum,
2411 3319 2523 3407 qui
2574 3317 2904 3384 indicaret

342 3418 570 3483 vivum
623 3417 967 3483 adservari
1018 3437 1211 3483 eum:
1271 3418 1347 3499 si,
1400 3417 1466 3483 id
1516 3418 1706 3505 quod
1757 3418 2107 3499 timebant,
2159 3417 2623 3505 proditionem
2673 3435 2907 3503 asper-

341 3520 542 3582 natus
576 3520 781 3596 esset,
833 3516 1230 3582 occisuri
1281 3514 1584 3582 Dareum
1643 3520 1709 3582 et
1760 3514 2009 3582 Bactra
2058 3536 2215 3582 cum
2268 3535 2545 3582 suarum
2596 3513 2905 3601 gentium

342 3633 548 3680 manu
585 3613 871 3700 petitu
894 3613 1026 3679 ri“.
1081 3612 1235 3680 Hoc
1271 3613 1427 3679 loco
1463 3614 1763 3702 scriptor
1788 3614 2039 3681 oblitus
2075 3618 2179 3681 est
2208 3634 2283 3680 se
2308 3614 2543 3693 verb0,
2578 3612 2767 3700 quod
2802 3614 2907 3677 est

342 3711 662 3799 ‘placuit',
713 3731 922 3797 supra
973 3732 1172 3778 usum
1225 3731 1380 3777 esse
1430 3715 1498 3779 et
1546 3712 1903 3798 participia
1951 3712 2330 3778 sententiae
2374 3712 2767 3777 interiectae
2818 3709 2905 3774 ‘id

341 3810 530 3896 quod
567 3808 937 3891 timebant',
981 3809 1503 3876 accomodavit.·
1548 3809 1880 3897 Exempla
1915 3811 2132 3876 multo
2161 3810 2420 3877 maiore
2455 3809 2906 3876 admiratione

341 3906 551 3994 digna
599 3927 684 3972 ex
733 3907 878 3973 aliis
928 3907 1377 3994 scriptoribus
1427 3908 1617 3975 affert
1666 3909 1951 3995 Madvig
2000 3908 2172 3993 (Lat.
2218 3906 2675 3994 Sprachlehre
2720 3908 2905 3988 1857,

341 4004 565 4090 §480,
617 4005 730 4070 ubi
781 4005 866 4070 de
916 4007 1350 4088 ἀνακολούθῳ
1400 4009 1776 4091 tractatur).

1452 4165 1568 4248 III
1604 4167 1799 4262 6,10.

430 4298 499 4362 1η
550 4297 608 4364 Α
659 4303 796 4363 est:
860 4297 1110 4381 „‘·Rex’,
1163 4298 1397 4386 inquit,
1451 4299 1750 4386 ‘semper
1799 4300 2077 4387 quidem
2130 4299 2410 4386 spiritus
2461 4319 2658 4366 meus
2708 4319 2792 4365 ex
2844 4302 2908 4363 te

343 4396 691 4483 pependit,
757 4396 882 4462 sed
932 4416 1112 4462 nunc
1163 4417 1343 4480 vere,
1395 4397 1705 4479 arbitror,
1772 4417 1973 4464 sacro
2025 4401 2090 4464 et
2137 4398 2509 4464 venerabili
2574 4418 2694 4464 ore
2745 4401 2908 4462 tra-

343 4492 666 4559 hitur'“.

432 4588 880 4679 Perspicuum
935 4596 1038 4658 est
1089 4612 1476 4678 pronomen
1527 4612 1717 4680 poss
1757 4593 1823 4659 ll.
1876 4613 2251 4681 perseum
2305 4595 2464 4660 ‘ore'
2516 4612 2910 4681 congruens

344 4689 739 4757 desiderari.
822 4687 1132 4776 Plerique
1200 4689 1431 4776 Hugio
1505 4691 1840 4758 suadente
1913 4692 2159 4759 edunt:
2244 4693 2408 4773 „sed
2484 4713 2664 4759 nunc
2728 4712 2907 4774 vere,
