3334 5292
1610 343 2050 405 -24-

639 513 858 601 Vogel
925 515 1214 600 ‘<inde>
1278 518 1680 583 minatur‘
1741 518 1879 584 edit
1930 538 2364 606 nequaquam
2418 522 2835 588 necessario.
2930 521 3121 588 Nam

553 610 834 679 Curtius
884 614 1285 680 adverbium
1338 615 1469 682 loci
1520 635 1857 703 persaepe
1905 617 2177 698 omittit,
2230 623 2301 683 ut
2335 618 2482 705 ipse
2519 616 2736 704 Vogel
2773 619 2868 704 (1⁸
2900 622 3121 708 praef.

551 709 590 798 ξ
651 712 799 795 lob)
852 717 1106 779 monet.
1157 711 1294 778 V111
1341 716 1436 795 10,
1481 716 1585 779 13:
1661 715 1873 780 multa
1936 715 2191 782 hedera
2236 715 2530 804 vitisque
2597 721 2742 783 toto
2810 719 3125 804 gignitur

554 813 808 889 monte,
863 811 1115 876 multae
1167 830 1505 897 perennes
1556 831 1775 899 aquae
1826 819 2105 879 manant
2154 815 2282 896 (sc.
2320 813 2529 899 inde).

643 904 824 990 (Alia
874 910 1193 995 exempla
1244 909 1569 997 pleraque
1618 911 1925 976 invenies
1976 910 2039 976 in
2090 911 2301 978 addit.
2354 912 2525 977 meis
2576 928 2734 998 pag.
2782 915 2857 978 16
2889 912 2962 997 f.)

1666 1070 1775 1151 VI
1811 1071 2005 1166 3,17.

642 1200 710 1266 ln
747 1203 952 1268 codd.
989 1201 1048 1269 A
1084 1204 1417 1291 scriptum
1455 1209 1592 1270 est:
1649 1203 2085 1290 „Egregium‚
2138 1206 2551 1286 mehercule,
2603 1226 2783 1293 opus
2826 1211 2892 1272 et
2942 1207 3129 1273 inter

552 1299 772 1384 prima
819 1301 1079 1386 gloriae
1126 1306 1395 1369 vestrae
1446 1303 1950 1368 numerandum
1988 1302 2366 1388 posteritati
2400 1305 2759 1391 famaeque
2811 1304 3125 1385 tradetiS‚

552 1395 932 1464 Dareum
986 1420 1339 1488 quoque
1390 1401 1738 1466 hostem
1773 1399 1962 1466 linito
2000 1405 2159 1488 post
2195 1408 2486 1467 mortem
2525 1401 2699 1468 illius
2736 1403 2898 1467 odio
2935 1422 3128 1488 par-

553 1494 892 1562 ricidas
943 1517 1096 1563 esse
1145 1518 1273 1563 vos
1325 1497 1570 1567 ultos“.

643 1591 910 1659 Primus
959 1594 1124 1660 vidit
1170 1595 1408 1680 Junius
1474 1596 1822 1684 duplicem
1889 1596 2073 1661 illum
2125 1597 2596 1663 accusativum
2646 1597 2858 1663 verb‘o
2913 1589 3127 1663 ulcis-

555 1691 757 1757 cendi
792 1692 952 1757 addi
988 1713 1124 1759 non
1155 1713 1386 1781 posse,
1429 1694 1553 1760 sed
1589 1694 1921 1780 postulari
1957 1699 2099 1760 aut:
2148 1693 2492 1774 „Dareum
2527 1715 2806 1783 quoque
2841 1696 3125 1762 hostem

555 1808 727 1854 ...a
774 1789 948 1874 (sive
1007 1791 1123 1875 de)
1182 1791 1538 1878 parricidis
1602 1812 1757 1859 esse
1821 1814 1881 1858 v,
1920 1797 2022 1857 u.“
2084 1796 2234 1874 aut,
2301 1792 2368 1858 id
2425 1793 2610 1879 quod
2679 1794 2786 1859 ille
2845 1793 3125 1859 maluit:

560 1886 864 1966 „Darei
908 1909 1260 1976 quoque
1311 1890 1647 1956 hostis.
1722 1890 2147 1978 ,parricidas
2189 1910 2344 1957 esse
2377 1912 2439 1955 v.
2471 1911 2532 1956 u.
2546 1895 2575 1924 “
2654 1889 2849 1974 Quae
2884 1910 3129 1957 emen-

555 1985 739 2051 datio
791 2005 1211 2073 quamquam
1279 1989 1771 2074 grammaticae
1828 1988 2155 2054 satisfacit
2214 1989 2549 2075 nullique
2580 1993 2826 2075 postea
2874 1989 3126 2054 editori

551 2082 841 2204 probata
890 2105 1028 2151 non
1080 2091 1204 2166 est,
1256 2090 1483 2152 tamen
1520 2086 1788 2153 videtur
1838 2086 1998 2151 mihi
2042 2091 2179 2153 tam
2215 2087 2533 2167 violenta,
2586 2091 2656 2152 ut
2692 2106 2730 2152 a
2766 2084 3126 2173 Stangelio

551 2179 616 2266 p
638 2181 898 2247 arrici
923 2183 1096 2250 das’
1134 2188 1204 2249 ut
1230 2184 1645 2250 vocabulum
1678 2184 2160 2272 interpolatum
2192 2184 2443 2251 rectius
2470 2183 2734 2250 secludi
2770 2203 3126 2250 censeam.

553 2277 889 2345 Nimirum
942 2281 1074 2347 hoc
1109 2281 1465 2367 glossema
1499 2287 1732 2348 natum
1786 2287 1889 2348 est
1924 2287 2257 2369 sequente
2299 2283 2697 2348 accusativo
2750 2282 3127 2347 neminem

555 2375 864 2462 impium'
872 2429 885 2458 ,
938 2378 1004 2444 id
1055 2380 1243 2467 quod
1281 2400 1363 2445 eo
1397 2380 1659 2446 facilius
1694 2380 1835 2446 lieri
1871 2385 2161 2467 poterat,
2212 2380 2367 2468 quia
2417 2380 2503 2445 de
2540 2380 2878 2446 sententia
2918 2380 3128 2446 huius

554 2474 686 2540 loci
737 2475 1111 2543 identidem
1163 2478 1529 2564 exponitur
1578 2482 1643 2544 et
1692 2499 1830 2544 vox
1880 2478 2258 2565 parricidae
2307 2479 2493 2564 apud
2545 2475 2858 2544 Curtium
2910 2477 3132 2544 vicies

553 2571 658 2637 bis
710 2578 951 2640 exstat.
1047 2574 1241 2641 Valet
1301 2579 1529 2642 autem
1591 2575 1912 2642 ‘ulciscor
1960 2575 2277 2664 aliquem'
2339 2575 2519 2642 idem
2567 2574 2774 2663 {quod
2837 2575 3128 2661 ‘poenas

555 2676 807 2758 expeto
875 2672 958 2737 ab
1024 2673 1272 2761 aliquo’
1335 2694 1500 2740 uno
1568 2675 1761 2739 loco:
1843 2674 2213 2752 11113‚17:
2276 2675 2457 2740 ultus
2524 2673 2875 2739 inimicum
2941 2677 3128 2756 erat3

556 2768 660 2834 his
696 2770 901 2858 quin
927 2791 1090 2858 que
1126 2772 1296 2838 locis
1331 2771 1671 2858 significat
1699 2773 1880 2838 idem
1909 2771 2099 2860 quod
2128 2771 2412 2858 ‘poenas
2440 2772 2641 2858 capio
2678 2791 2801 2858 pro
2838 2771 3127 2858 aliquo’:

557 2866 611 2931 V
649 2868 708 2948 7,
745 2870 818 2932 4:
887 2865 1068 2952 Quin
1120 2869 1321 2955 igitur
1371 2869 1768 2936 ulciscimur
1818 2869 2230 2938 Graeciam?
2302 2869 2384 2934 Vl
2430 2873 2525 2951 ll,
2563 2872 2680 2934 26:
2742 2868 2913 2952 Quis
2964 2888 3129 2955 pro-

557 2985 761 3030 avum
807 2967 1008 3034 huius
1042 2966 1479 3048 Archelaum,
1531 2968 1684 3055 quis
1727 2969 1974 3034 deinde
2010 2966 2502 3049 Alexandrum,
2554 2967 2706 3053 quis
2741 2966 3127 3033 Perdiccan

560 3064 838 3130 occisos
896 3065 1077 3131 ultus
1135 3067 1286 3132 est?
1359 3064 1562 3147 V115‚
1600 3069 1719 3132 25:
1771 3065 2041 3132 Adiecit
2106 3086 2244 3130 non
2296 3065 2523 3131 Dareo
2585 3065 2855 3153 iniquos
2910 3065 3125 3130 fuisse

559 3162 686 3245 (sc.
725 3162 950 3246 deos),
1010 3183 1215 3250 quem
1267 3164 1365 3230 sic
1417 3164 1929 3230 ulciscerentur.
2003 3162 2207 3243 V115‚
2245 3165 2363 3229 37:
2425 3161 2525 3229 ‘Et
2575 3163 2683 3244 te'‚
2735 3162 2968 3250 inquit,
3036 3161 3125 3228 ‘et

559 3258 900 3342 Dareum,
968 3281 1168 3347 reges
1236 3281 1431 3328 meos
1497 3263 1713 3344 ultuS,
1780 3261 2287 3328 interfectorem
2356 3261 2615 3326 domini
2666 3261 2770 3327 sui
2821 3261 3126 3326 adduxi'.

562 3355 624 3422 X
652 3359 712 3438 5,
742 3360 862 3423 30:
900 3358 1031 3424 iam
1063 3359 1280 3446 pietas
1308 3379 1474 3446 erga
1501 3363 1840 3448 parentes,
1876 3379 2168 3446 quorum
2319 3357 2707 3446 Philippum
2743 3358 2922 3424 ultus
2958 3363 3127 3424 erat.

1672 3521 1783 3602 VI
1818 3523 1883 3613 9,
1910 3519 1997 3599 11.

652 3651 720 3715 ln
773 3651 831 3716 A
883 3653 1216 3739 scriptum
1285 3654 1609 3740 legimus:
1680 3653 1894 3740 „lpse‚
1945 3653 2131 3739 apud
2183 3652 2436 3717 multos
2497 3651 2857 3737 copiarum
2909 3651 3129 3717 duces

561 3749 778 3815 meis
858 3755 1274 3837 praepotens
1338 3751 1615 3834 viribus,
1699 3753 1955 3818 maiora
2020 3769 2226 3838 quam
2287 3749 2469 3836 capit
2532 3749 2809 3835 spirat“.
2905 3747 3128 3834 Vogel

563 3848 744 3914 hunc
791 3848 1040 3914 locum
1107 3849 1171 3913 in
1239 3850 1521 3915 dubium
1579 3855 1804 3917 vocat.
1885 3848 2192 3915 Adnotat
2242 3847 2459 3914 enim:
2529 3846 2723 3933 „lpse
2760 3898 2773 3910 .
2812 3897 2825 3910 .
2862 3898 2876 3911 .
2929 3865 3130 3932 prae-

562 3951 831 4032 potens.
928 3945 1136 4012 Diese
1201 3947 1264 4012 in
1330 3948 1797 4035 sprachlicher
1848 3946 2247 4032 Beziehung
2313 3946 2560 4011 hochst
2626 3943 3129 4010 bedenklichen

564 4044 703 4109 und
737 4045 1304 4112 wahrscheinlich
1338 4046 1745 4112 verderbten
1780 4045 2009 4111 Worte
2044 4045 2321 4110 ko'nnen
2358 4043 2562 4109 kaum
2599 4046 2811 4109 etwas
2837 4042 3131 4107 anderes

562 4142 906 4208 bedeuten
956 4143 1091 4208 als:
1143 4163 1215 4209 er
1264 4144 1480 4210 selbst
1513 4143 1901 4229 (Philotas),
1955 4143 2076 4208 der
2117 4141 2225 4208 bei
2258 4141 2480 4207 vielen
2518 4140 2821 4206 Fiihrern
2872 4139 3134 4206 meiner

563 4240 887 4327 Truppen
940 4241 1122 4307 noch
1172 4241 1693 4308 einllussreicher
1743 4242 1827 4307 ist
1862 4241 1961 4306 als
2011 4240 2120 4306 ich
2170 4239 2384 4306 selbst
2434 4238 2722 4322 (viribus
2760 4237 2931 4303 meis
2969 4236 3133 4305 Um-

560 4338 853 4427 schreib.
889 4339 991 4404 fiir
1025 4340 1186 4424 me).
1260 4339 1463 4407 Doch
1501 4340 1587 4406 ist
1621 4339 2060 4426 ‘praepotens
2087 4337 2341 4403 viribus
2370 4337 2561 4404 meis'
2597 4336 2749 4402 eine
2784 4334 3130 4401 durchaus

566 4437 1138 4522 ungewo‘hnliche
1203 4439 1343 4504 und
1411 4439 1637 4503 kiihne
1691 4436 2218 4517 Konstruktion,
2286 4455 2447 4520 mag
2511 4453 2668 4500 man
2728 4433 2982 4499 viribus
3031 4433 3129 4498 als

564 4534 768 4601 Dativ
831 4535 1060 4602 iassen
1127 4537 1267 4601 und
1333 4540 1754 4623 praepotens
1817 4535 1921 4600 fiir
1971 4538 2349 4620 praestanS‚
2410 4534 2881 4620 praecurrenS,
2935 4550 3130 4617 prae-

565 4633 826 4699 cedens
876 4655 938 4700 u.
976 4638 1033 4700 a.
1103 4635 1355 4701 deuten
1421 4634 1594 4709 oder
1656 4633 1757 4698 als
1806 4631 2076 4697 Ablativ
2134 4632 2260 4697 der
2306 4629 2839 4716 Vergleichung,
2898 4628 3126 4694 indem
