3334 5292
1572 366 2014 429 ...32-

516 542 569 607 V
597 547 658 626 8,
695 545 805 608 17:
856 542 1234 609 nobilitabit
1269 541 1573 628 plerique
1608 542 1837 623 codd.,
1890 541 2304 608 nobilitauit:
2356 538 2503 605 PV.
2598 540 2655 605 V
2690 544 2751 624 ὁ,
2786 543 2825 606 9
2862 541 3089 606 dubi-

514 641 847 706 tauimus:
922 640 1002 722 A,
1061 640 1560 707 dubitabimus:
1624 639 1997 706 Acidalius.
2095 639 2147 704 V
2184 642 2244 722 6,
2290 641 2363 704 15
2415 637 2712 704 nivibus:
2769 640 3089 727 plerique

516 739 744 821 codd.,
797 737 1126 804 nubibus:
1181 736 1251 803 Ρ.
1288 736 1362 802 V.

1661 987 1731 1068 X
1767 988 1833 1080 4,
1863 986 1916 1067 1.

607 1130 723 1196 Est
757 1129 822 1195 in
859 1130 1064 1195 codd.
1093 1128 1188 1195 A:
1243 1123 1532 1211 ,Milites
1565 1129 1681 1212 tui,
1734 1129 1920 1196 cives
1954 1129 2049 1196 tui
2085 1129 2435 1216 incognita
2466 1149 2676 1196 causa
2709 1153 2752 1196 a
2787 1131 3092 1218 captivis

516 1229 658 1295 suis
695 1227 1105 1294 ducentibus
1140 1228 1494 1294 trahuntur
1525 1228 1612 1293 ad
1648 1232 2014 1314 poenam“.

607 1326 793 1392 Bene
837 1325 1134 1394 editores
1170 1325 1755 1413 praepositionem
1786 1324 1869 1390 ‘a'
1895 1325 2047 1391 ierri
2084 1345 2294 1411 posse
2331 1330 2605 1411 negant,
2644 1325 2818 1391 male
2852 1326 3091 1392 eidem

517 1425 806 1491 litteram
842 1423 1021 1489 illam
1059 1443 1143 1489 ex
1192 1423 1663 1489 antecedentis
1714 1421 2031 1489 vocabuli
2069 1422 2325 1489 ‘causa’
2361 1423 2677 1510 proxima
2709 1424 2928 1489 littera
2963 1425 3095 1490 ad-

518 1521 760 1588 scitam
811 1541 966 1587 esse
1016 1522 1463 1587 contendunt.
1562 1519 1734 1603 Quis
1784 1519 1967 1587 enim
2019 1541 2154 1586 non
2205 1520 2391 1587 videt
2442 1520 2782 1588 licentiam
2818 1541 2898 1587 ac
2934 1523 3091 1588 libi-

518 1620 747 1687 dinem
783 1618 1152 1686 Alexandri
1203 1639 1286 1685 eo
1339 1617 1669 1684 maiorem
1706 1639 1883 1701 esse,
1935 1619 2123 1706 quod
2166 1618 2412 1684 milites
2448 1639 2586 1684 non
2624 1619 2835 1685 modo
2872 1639 3088 1686 causa

515 1718 790 1799 indicta,
842 1717 966 1784 sed
1019 1717 1221 1782 etiam
1272 1736 1311 1782 a
1358 1717 1501 1782 suis
1552 1716 1841 1804 captivis
1889 1716 2075 1782 ducti
2126 1717 2212 1782 ad
2263 1736 2560 1803 poenam
2598 1717 3089 1784 trahebantur?

517 1813 744 1902 Atque
793 1815 1020 1902 ipsum
1063 1815 1473 1901 scriptorem
1510 1815 1609 1881 sic
1644 1814 1948 1881 sensisse
1984 1813 2281 1881 dilucide
2315 1819 2602 1901 apparet
2636 1835 2721 1880 ex
2757 1834 2857 1897 ea,
2908 1835 3095 1902 quae

517 1913 843 2000 sequitur,
878 1913 1250 1979 sententia:
1307 1909 1418 1992 „Si
1455 1916 1749 1979 mortem
1788 1912 2118 1978 meruisse
2154 1912 2438 1994 iudicaS,
2475 1913 2791 1978 saltem
2829 1914 2994 1979 min
3018 1915 3037 1978 i
3060 1953 3092 1963 -

518 2015 760 2077 stros
809 2031 904 2076 su
927 2010 1166 2098 pplic
1189 2010 1245 2075 ii
1298 2014 1593 2075 muta“.
1678 2008 1946 2088 Quodsi
1983 2010 2047 2075 in
2083 2010 2379 2077 ablativo
2414 2010 2557 2076 abs.
2597 2010 2906 2097 ‘captivis
2937 2011 3083 2077 suis

519 2107 952 2175 ducentibus’
980 2107 1402 2194 gradationis
1447 2108 1549 2174 vis
1581 2108 1779 2190 inest,
1816 2108 2242 2194 particulam,
2279 2127 2413 2195 qua
2446 2108 2607 2173 illud
2642 2109 3085 2194 significetur,

520 2206 1014 2272 desideramus.
1113 2207 1340 2293 ltaque
1405 2207 1579 2271 bene
1646 2203 1885 2293 Stangl
1951 2205 2219 2272 scribit:
2296 2205 2666 2292 ‘incognita
2730 2226 2941 2272 causa
3008 2212 3093 2272 et

520 2304 808 2392 captivis
843 2305 985 2370 suis
1021 2304 1475 2386 ducentiblus’.

613 2401 916 2469 Eandem
951 2401 1086 2467 vim
1124 2402 1456 2488 particula
1492 2401 1598 2467 ‘et'
1634 2403 1740 2468 vel
1778 2401 1951 2488 ‘que'
1988 2402 2091 2468 his
2127 2402 2331 2468 habet
2366 2401 2565 2467 locis:

611 2500 780 2582 1113,
816 2502 890 2565 4;
943 2499 1007 2564 in
1059 2499 1337 2566 Persico
1390 2504 1470 2566 et
1517 2499 1779 2586 vulgari
1814 2499 2067 2565 habitu.
2156 2499 2238 2565 Vl
2274 2502 2333 2581 2,
2370 2501 2438 2566 3:
2492 2501 2555 2564 in
2592 2500 2954 2587 peregrina
3008 2506 3092 2567 et

523 2598 946 2664 devictarum
1017 2598 1325 2684 gentium
1386 2597 1563 2663 mala
1619 2597 1980 2685 impulerat
2036 2596 2174 2681 (³et'
2212 2630 2281 2650 =
2316 2598 2457 2663 und
2514 2599 2695 2664 noch
2757 2599 2955 2679 dazu,
3020 2604 3097 2664 ut

524 2694 740 2783 Vogel
776 2700 959 2762 recte
996 2696 1526 2783 interpretatur).

612 2793 694 2858 Vl
731 2798 825 2876 10,
853 2796 969 2858 20:
1017 2792 1390 2860 Cebalinus
1425 2793 1573 2881 ipse
1599 2792 1742 2859 tolli
1778 2793 1863 2858 de
1892 2792 2120 2858 medio
2150 2793 2334 2859 nullo
2356 2812 2397 2879 q
2419 2812 2461 2858 u
2482 2813 2517 2858 e
2554 2794 2835 2879 negotio
2864 2794 3088 2880 potuit

523 2892 730 2978 (³que'
784 2891 943 2957 ‘und
993 2892 1224 2958 zwar':
1284 2890 1555 2977 Vogel).
1637 2889 1889 2975 (Kinch
1938 2891 2114 2956 hanc
2167 2890 2571 2977 particulam
2626 2891 2798 2977 ‘que’
2851 2910 3082 2958 assen-

524 2995 708 3056 tante
745 2987 1032 3055 Damste
1067 2989 1295 3076 iniqua
1330 2988 1634 3055 Minerva
1669 2988 1910 3072 delet.)-

615 3087 678 3152 X
721 3091 772 3168 l,
808 3089 926 3152 27:
1003 3086 1127 3152 His
1199 3087 1446 3153 auditis
1519 3087 1742 3174 spado
1815 3085 2195 3172 potentiam
2266 3085 2525 3172 flagitio
2597 3090 2663 3151 et
2736 3087 3083 3153 dedecore

527 3184 907 3273 quaesitam
973 3185 1037 3248 in
1103 3189 1310 3271 caput
1360 3183 1767 3250 nobilissimi
1832 3188 1911 3249 et
1977 3182 2267 3250 insontis
2334 3185 2636 3251 exercuit
2686 3185 2783 3269 (et
2818 3215 2890 3238 =
2929 3185 3091 3250 ‘und

527 3283 987 3349 ausserdem’:
1039 3281 1310 3367 Vogel).

618 3381 679 3444 X
707 3384 766 3462 3,
795 3384 836 3445 8
870 3378 1088 3466 Vogel
1125 3381 1526 3468 particulam
1565 3379 1671 3445 ‘et'
1711 3384 1894 3444 recte
1930 3379 2301 3466 supplevit:
2358 3378 2607 3462 „Quod
2644 3380 2847 3446 video
2883 3382 3095 3447 fortes

527 3480 712 3545 viros
745 3479 894 3561 (et)
925 3498 1090 3564 erga
1125 3498 1326 3565 reges
1361 3498 1528 3544 suos
1564 3477 1834 3565 pietatis
1869 3477 2225 3543 invictae“.

620 3575 853 3642 Redeo
873 3577 967 3642 ‘ad
995 3596 1176 3655 eum,
1205 3577 1388 3642 unde
1417 3576 1774 3661 digressus
1802 3596 1977 3656 sum,
2008 3575 2237 3641 locum
2268 3595 2659 3662 moneoque
2688 3577 3093 3663 particulam

531 3675 652 3740 ‘et'
704 3675 921 3741 littera
954 3696 997 3739 a
1047 3675 1369 3759 (tortasse
1407 3673 2021 3760 Langobardorum
2060 3693 2249 3738 more
2286 3678 2518 3761 aperte
2554 3673 2913 3761 scriptam)
2948 3673 3097 3740 aliis

531 3791 807 3859 quoque
836 3772 1004 3837 locis
1033 3771 1381 3854 coniundi‚
1417 3772 1601 3837 velut
1636 3770 1689 3835 V
1720 3773 1779 3852 4,
1809 3773 1913 3852 20,
1950 3771 2064 3836 ubi
2091 3771 2155 3835 in
2184 3770 2234 3835 Ρ
2262 3775 2366 3836 est
2398 3791 2456 3837 a.
2487 3791 2583 3858 pr.
2616 3792 2733 3837 m.:
2778 3771 2839 3858 ‘q
2862 3771 2939 3836 ui
2992 3791 3028 3836 e
3051 3773 3095 3837 t'

530 3890 654 3956 pro
708 3869 874 3956 ‘qui
925 3871 1004 3935 a'.
1100 3868 1513 3952 V11117‚16:
1583 3869 1789 3950 „iam
1826 3891 1869 3934 a
1917 3889 2079 3954 rege
2129 3873 2459 3955 pernotus
2510 3873 2575 3935 et
2622 3873 2926 3955 gratus“‚
2981 3871 3098 3935 ubi

530 3987 687 4034 cum
719 3965 956 4053 Stangl
986 3967 1168 4032 haud
1197 3967 1401 4033 dubie
1431 3967 1917 4053 corrigendum
1945 3971 2050 4033 est
2077 3987 2214 4032 non
2252 3966 2555 4032 ‘etiam’
2592 3968 2716 4032 sed
2761 3966 2945 4034 ‘iam
2993 3969 3097 4033 et'

533 4065 676 4151 regi
728 4069 1057 4152 pernotus
1109 4070 1173 4131 et
1223 4069 1522 4151 gratus‘fi

623 4160 899 4230 Scilicet
935 4163 1037 4228 et
1078 4164 1289 4249 regi'
1324 4163 1439 4228 hic
1477 4163 1658 4228 idern
1687 4163 1881 4244 valet,
1928 4163 2114 4250 quod
2153 4162 2435 4229 etiam
2471 4163 2656 4250 regi’.
2716 4131 2891 4229 Nam
2924 4161 3103 4230 Cur-

535 4261 701 4326 tium
753 4280 1102 4348 nunquam
1154 4265 1310 4326 ante
1359 4261 1589 4340 verba,
1641 4280 1977 4347 persaepe
2012 4265 2167 4326 ante
2202 4261 2483 4326 nomina
2519 4261 2624 4326 et’
2663 4282 2789 4349 pro
2827 4261 3099 4343 etiam‘,

536 4358 843 4444 inprimis
892 4359 1221 4445 particula
1270 4358 1569 4446 quadam
1621 4362 1993 4444 praeeunte
2045 4358 2386 4446 posuisse,
2438 4359 2951 4425 demonstratur
3000 4359 3101 4425 eis

538 4457 894 4542 exemplis,
960 4475 1132 4543 quae
1182 4456 1424 4523 Novak
1476 4455 1724 4542 (spicil.
1765 4453 1951 4522 Curt.
1989 4476 2145 4542 pag.
2194 4459 2267 4521 13
2303 4457 2389 4522 ad
2425 4456 2480 4522 V
2525 4461 2619 4537 ll,
2664 4459 2734 4542 6)
2800 4457 3100 4544 collegit,

539 4575 622 4620 ex
671 4554 919 4641 quibus
969 4559 1205 4640 repeto
1256 4553 1420 4619 Vllll
1457 4556 1515 4634 5,
1562 4557 1671 4618 18:
1727 4554 1930 4633 „iam
1982 4559 2061 4619 et
2113 4553 2485 4621 Peucestes
2518 4555 2913 4622 vulneribus
2954 4555 3103 4620 fati-

538 4653 805 4738 gatus“.
886 4652 1052 4716 ltem
1090 4651 1243 4716 ‘iam
1279 4652 1365 4717 et'
1403 4672 1540 4716 non
1578 4651 1815 4716 durius
1851 4651 2010 4716 illud
2047 4652 2527 4740 absonumque
2581 4653 2781 4719 ‘iam'
2815 4653 3099 4719 etiam'
