3334 5292
1413 307 1811 370 -7-

328 504 612 550 vomere
645 504 690 571 p
711 505 752 550 o
774 484 1001 550 strid
1025 483 1042 548 i
1063 488 1165 552 e“.
1219 481 1422 566 Quid,
1458 484 1648 571 quod
1683 483 1830 550 aliis
1856 503 2132 571 quoque
2161 484 2331 550 locis
2365 485 2551 572 apud
2580 483 2892 552 Curtium

329 582 657 648 adverbio
692 582 1062 650 verborum
1111 581 1645 669 comprehensio
1698 582 1841 648 sive
1883 585 2027 648 tota
2060 581 2204 648 sive
2247 584 2889 670 comprehensionis

330 700 510 768 parS,
561 684 627 746 et
677 680 1140 747 rhetorico
1189 680 1470 767 quidem
1521 699 1736 761 more,
1787 681 2146 747 clauditur.
2894 746 2897 749 .

418 777 808 866 Superioris
841 778 1117 866 generis
1151 779 1321 844 haec
1365 782 1525 844 sunt
1558 778 1911 865 exempla:
1952 777 2008 843 V
2044 781 2141 862 13,
2178 783 2196 844 l
2229 800 2243 844 ε
2292 778 2668 865 fugientem
2705 780 2883 846 inse-

327 876 440 963 qui
477 877 703 963 pergit
751 880 1138 943 strenue.
1211 875 1320 941 Vll
1355 879 1416 958 3,
1453 879 1564 941 10:
1614 874 1803 942 Vites
1839 881 1904 942 et
1937 877 2221 943 arbores
2292 877 2349 942 si
2384 895 2559 963 quae
2594 877 2661 943 in
2696 882 2887 946 tanto

326 978 548 1040 terrae
613 975 841 1060 rigore
907 975 1149 1041 durare
1216 978 1616 1061 potuerunt,
1683 974 1981 1040 obruunt
2051 994 2153 1061 pe
2176 974 2360 1040 nitu
2382 995 2436 1040 S.
2533 974 2643 1042 Vll
2679 979 2738 1059 7,
2777 979 2887 1042 16:

330 1071 611 1139 Utribus
660 1092 936 1139 amnem
987 1072 1338 1139 traiciendi
1373 1071 1775 1158 exemplum
1823 1072 2113 1138 fecimus
2163 1092 2267 1137 nu
2289 1091 2460 1159 per.
2533 1072 2643 1138 Vll
2677 1076 2738 1157 8,
2768 1077 2889 1139 24:

329 1168 617 1237 Salubre
691 1170 1056 1238 consilium
1135 1190 1434 1258 sequens
1513 1189 1721 1258 quam
1802 1190 2131 1257 praesens
2211 1175 2488 1258 tempus
2568 1172 2887 1239 ostendet

331 1288 399 1333 m
421 1268 532 1334 eli
553 1289 596 1334 u
617 1289 671 1334 s.

417 1366 525 1434 Ad
575 1367 922 1454 posterius
971 1387 1195 1454 genus
1243 1368 1414 1433 haec
1462 1367 1837 1453 pertinent:
1891 1366 1971 1432 lV
2005 1370 2213 1445 3,15:
2281 1367 2438 1434 inde
2490 1368 2771 1434 missilia
2820 1369 2887 1434 in

328 1471 854 1552 propugnantes
895 1465 1384 1552 ingerebantur
1417 1469 1644 1547 tuto,
1697 1465 1855 1551 quia
1890 1517 1903 1530 .
1935 1516 1949 1529 .
1981 1517 1994 1529 .
2047 1465 2129 1531 Ν
2164 1467 2224 1546 6,
2254 1468 2328 1531 9:
2382 1466 2711 1554 multique
2746 1466 2891 1530 vul-

328 1563 742 1630 nerabantur
804 1563 1193 1650 impune,
1259 1583 1417 1629 curn
1470 1613 1484 1628 .
1514 1614 1528 1628 .
1560 1614 1584 1628 .
1649 1562 1730 1627 Ν
1774 1566 1869 1645 ll,
1909 1565 2017 1628 16:
2082 1562 2404 1630 Nuntiate
2462 1563 2691 1631 Dareo
2758 1584 2888 1646 me,

328 1679 504 1747 quae
538 1661 816 1727 fecerim
853 1662 1344 1727 clementer
1386 1665 1452 1727 et
1484 1660 2026 1743 liberaliter,
2078 1683 2217 1728 non
2252 1661 2590 1728 amicitiae
2626 1662 2887 1728 eius...

329 1759 411 1824 Ν
448 1762 544 1840 ll,
573 1762 691 1824 22:
759 1757 992 1847 Legati
1043 1760 1486 1847 respondent,
1553 1779 1713 1825 cum
1778 1758 2031 1824 bellum
2096 1759 2162 1824 in
2213 1760 2443 1826 animo
2496 1759 2600 1841 sit,
2664 1761 2889 1827 facere

328 1876 485 1922 eum
538 1857 607 1923 si
631 1857 1118 1945 mpliciter,
1170 1858 1359 1944 quod
1409 1877 1534 1944 spe
1570 1857 1761 1944 pacis
1798 1876 1936 1923 non
1972 1858 2428 1924 frustraretur.
2503 1857 2612 1922 Vll
2648 1861 2743 1941 10,
2775 1861 2885 1924 13:

331 1953 482 2036 Hic,
547 1956 707 2042 quia
755 1955 993 2021 limum
1043 1955 1247 2036 vehit,
1313 1955 1626 2021 turbidus
1676 1975 2059 2043 semper,
2112 1956 2472 2022 insalubris
2522 1962 2628 2022 est
2677 1957 2889 2043 potui.

327 2052 463 2118 Vlll
499 2053 559 2136 5,
597 2056 672 2119 16
725 2053 1098 2120 Hominem
1164 2054 1610 2140 consequitur
1674 2053 2195 2140 aliquando,
2263 2074 2614 2141 nunquam
2672 2054 2889 2120 comi-

328 2155 505 2216 tatur
538 2151 876 2218 divinitas.
943 2151 1192 2234 V11113,
1222 2154 1296 2217 5;
1342 2151 1525 2218 ldem
1561 2152 1833 2218 animus
1868 2157 1971 2218 est
2005 2153 2160 2234 tuis,
2195 2152 2309 2240 qui
2344 2152 2465 2218 fuit
2499 2173 2531 2218 s
2553 2173 2589 2219 e
2611 2173 2677 2217 m
2699 2173 2741 2239 p
2763 2172 2800 2218 e
2822 2173 2887 2236 r,

328 2249 442 2331 ire,
508 2270 646 2336 quo
707 2250 986 2316 iusseris
1220 2248 1478 2332 vl1118,
1515 2251 1591 2314 18
1641 2249 1915 2316 hostem
1966 2255 2366 2316 secuturum
2433 2251 2887 2338 profect0,

327 2348 383 2412 si
420 2398 435 2411 .
466 2398 480 2412 .
510 2398 524 2411 .
577 2346 640 2412 X
668 2350 727 2430 2,
757 2349 876 2412 27:
929 2347 1274 2414 Facessite
1324 2348 1480 2413 hinc
1516 2367 1556 2413 o
1579 2347 1805 2430 ciuS,
1858 2368 1992 2434 ego
2027 2368 2187 2414 cum
2225 2345 2453 2414 Persis
2488 2348 2885 2414 abeuntium

326 2450 522 2531 terga
548 2445 838 2512 tutabor.
891 2444 954 2510 X
988 2449 1049 2528 5,
1079 2448 1196 2512 23:
1235 2447 1460 2533 ipsum
1491 2444 1795 2511 Dareum
1822 2446 2137 2512 floruisse
2172 2467 2214 2533 p
2235 2445 2464 2512 aulis
2486 2467 2528 2534 p
2550 2466 2585 2512 e
2608 2468 2671 2529 r,
2709 2449 2887 2511 ut...

329 2542 392 2608 X
427 2545 592 2624 9,8:
657 2543 1001 2630 quosdam
1053 2595 1067 2608 .
1100 2595 1113 2608 .
1143 2596 1157 2609 .
1216 2542 1636 2625 subornavit,
1704 2548 1776 2609 ut
1822 2583 1909 2591 —
1958 2545 2152 2632 quasi
2210 2545 2556 2630 ignoraret
2607 2545 2753 2631 ipse
2804 2583 2889 2592 —

328 2646 775 2728 quererentur
824 2642 1144 2728 palam,
1198 2642 1619 2727 Meleagrum
1671 2646 2039 2729 aequatum
2090 2662 2245 2708 esse
2296 2641 2690 2708 Perdiccae.

1457 2801 1572 2882 III
1611 2804 1673 2897 7,
1705 2803 1767 2883 6.
1897 2887 1901 2893 ,

416 2936 482 3000 1η
534 2934 593 3001 Α
643 2936 976 3022 scriptum
1028 2936 1356 3022 legimus:
1434 2936 1568 3016 „lbi
1618 2935 1982 3002 Parmenio
2035 2937 2177 3022 regi
2228 2936 2560 3002 occurrit:
2637 2955 2889 3022 prae-

327 3034 541 3100 mise
564 3038 693 3100 rat
741 3035 827 3100 ad
862 3022 1363 3120 explorandum
1401 3033 1524 3100 iter
1557 3034 1835 3100 saltus.“
1899 3033 2231 3115 Hedicke,
2268 3054 2473 3120 quem
2509 3038 2889 3121 sequuntur

321 3130 543 3217 Vogel
579 3136 645 3197 et
681 3131 990 3215 Damste,
1027 3131 1295 3199 scribit:
1351 3133 1781 3219 „praemis
1828 3135 2047 3216 <sus>
2082 3137 2224 3198 erat
2258 3133 2344 3198 ad
2382 3132 2559 3218 expl.
2589 3133 2712 3198 iter
2746 3136 2884 3215 s.“;

323 3229 587 3296 scilicet
647 3230 836 3317 quod
900 3231 1108 3296 verba
1163 3231 1489 3296 codicum
1540 3230 1867 3316 ambigua
1916 3250 2070 3296 esse
2122 3234 2383 3316 putant.
2477 3228 2685 3317 Atqui
2737 3230 2884 3316 ipse

323 3327 541 3414 Vogel
596 3325 909 3394 Curtium
962 3333 1200 3394 monet
1247 3347 1455 3414 saepe
1504 3328 1731 3394 activo
1780 3347 2036 3414 genere
2070 3328 2185 3409 uti,
2237 3328 2351 3393 ubi
2386 3332 2876 3415 exspectamus

323 3425 676 3512 passivum
728 3424 813 3512 (l3
861 3426 1066 3512 praef.
1101 3425 1142 3512 ξ
1176 3425 1311 3511 36).
1411 3425 1640 3512 ltaque
1690 3426 1902 3492 credo
1947 3423 2378 3512 Stangelium
2432 3430 2615 3492 recte
2666 3426 2884 3512 scrip-

323 3528 543 3589 turam
597 3522 923 3589 librorum
975 3523 1354 3590 retinuisse.
1451 3523 1626 3589 Nam
1671 3525 1757 3590 ab
1792 3544 1920 3590 usu
1956 3524 2228 3590 dicendi
2267 3522 2598 3591 Curtiano
2634 3543 2889 3611 nequa-

322 3641 528 3708 quam
601 3621 947 3703 abhorret,
1020 3622 1208 3708 quod
1279 3621 1496 3704 verbi,
1570 3622 1760 3708 quod
1833 3627 1937 3689 est
1988 3621 2476 3709 ‘praemiserat'
2552 3623 2747 3688 deest
2820 3628 2886 3689 et

321 3719 710 3784 subiectum
763 3719 922 3785 ‘rex’
975 3725 1040 3786 et
1090 3720 1438 3787 obiectum
1475 3719 1700 3802 ‘eum’,
1752 3720 1807 3786 si
1858 3720 2136 3808 quidem
2181 3726 2549 3808 utrumque
2598 3741 2684 3786 ex
2719 3740 2885 3785 con-

322 3819 511 3882 textu
544 3818 914 3883 verborum
951 3817 1365 3904 intellegitur
1398 3817 1647 3904 (Vogel
1678 3819 1728 3883 1³
1763 3820 1968 3907 praef.
1998 3818 2091 3905 ἕξ
2129 3821 2233 3899 36,
2263 3821 2397 3903 23).
2472 3817 2713 3904 Neque
2754 3823 2885 3884 tra-

320 3914 461 3980 dita
495 3914 703 3980 verba
736 3916 976 3983 falsam
1012 3915 1640 4003 interpretationem
1679 3917 2045 4003 patiuntur,
2091 3937 2248 3983 cum
2284 3916 2426 3981 fieri
2462 3936 2599 3981 non
2636 3915 2878 4003 possit,

320 4017 393 4078 ut
443 4012 808 4100 quisquam
858 4014 1251 4101 suspicetur
1297 4033 1534 4100 regem
1576 4015 1662 4081 ab
1712 4015 2142 4081 inferiore
2194 4015 2372 4080 duce
2423 4015 2880 4100 praemissum

321 4110 496 4176 ess'e.
587 4110 656 4177 ln
705 4112 862 4178 add.
914 4114 1102 4198 (pag.
1139 4113 1221 4177 37
1251 4114 1433 4199 sqq.)
1483 4114 1566 4178 32
1617 4113 1813 4196 locos
1865 4113 2132 4199 collegi,
2192 4112 2440 4200 quibus
2491 4112 2880 4178 subiectum

322 4207 504 4289 ‘rex'‚
555 4211 660 4292 61,
710 4210 960 4297 quibus
1009 4210 1446 4277 accusativus
1497 4211 1926 4297 pronominis
1978 4204 2496 4277 demonstrativi
2531 4211 2882 4277 omittitur.

413 4305 608 4389 Quae
673 4327 830 4374 curn
897 4308 988 4374 ita
1052 4309 1205 4391 sint,
1271 4327 1493 4375 errare
1558 4309 1788 4374 iudico
1839 4307 2224 4395 Vogelium,
2280 4328 2443 4376 cum
2494 4309 2883 4376 subiectum

322 4403 505 4487 ‘rex'‚
579 4411 723 4471 sive
796 4406 1139 4493 princepS,
1211 4406 1355 4472 sive
1419 4407 1709 4472 aliorum
1774 4407 2173 4494 opinionem
2224 4411 2506 4473 secutus
2556 4407 2660 4474 his
2711 4407 2882 4474 locis

321 4506 563 4569 contra
597 4503 1072 4570 auctoritatem
1109 4504 1436 4570 librorum
1473 4504 1676 4571 inseri
1701 4504 1895 4571 velit:
1941 4503 2101 4585 1118,
2141 4503 2370 4576 16l17:
2426 4505 2675 4586 „motis
2710 4525 2875 4591 ergo

321 4600 564 4666 castris
612 4600 942 4687 (Dareus)
993 4607 1275 4690 superat
1308 4600 1629 4668 Pinarum
1682 4622 1977 4685 amnem,
2030 4603 2093 4668 in
2146 4604 2376 4690 tergis,
2428 4608 2499 4669 ut
2534 4603 2880 4684 credebat,
