3334 5292
1322 363 1765 426 ..43—

255 540 906 629 persequendo
942 539 1282 626 fatigatus
1358 538 1438 603 Ν
1467 541 1528 618 4,
1565 540 1683 604 20:
1740 537 2013 604 Credo.
2045 538 2547 604 ..adeundo
2584 537 2833 604 ceteris

255 641 656 726 incognitas
683 643 900 705 terras
927 637 1222 724 elegisse
1251 637 1456 703 sedes
1484 637 1835 703 iuventuti.
1897 634 1978 700 Ν
2005 638 2066 718 9,
2102 639 2176 702 8:
2214 636 2403 722 quod
2433 636 2833 722 rapiendo

253 741 708 824 occupasset.
777 735 857 802 Ν
897 737 993 818 15,
1025 738 1097 800 21
1131 757 1144 800 :
1197 736 1261 800 ni
1300 734 1566 822 equites
1600 733 1879 821 Agriani
1908 785 1923 799 .
1955 786 1968 799 .
1998 786 2013 800 .
2042 753 2324 800 aversos
2367 754 2403 800 c
2425 753 2519 800 ae
2541 733 2703 799 den
2725 734 2767 798 d
2790 754 2833 798 o

254 835 322 900 in
377 855 461 902 se
509 834 773 901 obverti
824 834 1242 920 coegissent.
1355 832 1409 898 V
1447 836 1498 913 1,
1534 834 1654 898 34:
1725 831 1803 898 Et
1866 852 2026 898 cum
2076 835 2383 912 vetustas
2434 849 2571 898 non
2624 851 2836 918 opera

255 934 494 1000 solum
531 952 738 999 manu
771 932 972 1013 iacta,
1007 931 1131 997 sed
1160 931 1364 997 etiam
1401 931 1624 1017 ipsam
1660 934 1971 995 naturam
2001 929 2327 1017 paulatim
2364 929 2705 996 exeden
2728 930 2770 996 d
2792 950 2833 998 ο

256 1031 578 1118 perimat.
675 1029 757 1095 Vl
787 1032 846 1113 5,
892 1031 1002 1094 16:
1073 1028 1223 1096 Una
1291 1029 1459 1095 ratio
1525 1033 1667 1095 erat
1732 1029 2196 1094 caedendo
2247 1027 2512 1114 aperire
2562 1028 2833 1094 saltum.

255 1127 342 1193 Vl
383 1132 483 1210 10,
527 1131 638 1194 12;
707 1127 959 1194 inimici
1008 1126 1498 1192 vinciendo
1559 1127 2051 1192 excitaverunt.
2126 1124 2325 1208 v114,
2362 1128 2437 1190 4:
2505 1146 2663 1191 cum
2718 1145 2837 1191 re-

255 1231 400 1292 tro
423 1247 460 1292 c
484 1227 641 1292 ede
664 1247 702 1291 n
728 1227 833 1292 do
886 1228 1127 1313 posset
1177 1225 1559 1311 perducere
1626 1223 1940 1294 incautos
2006 1224 2070 1289 in
2137 1224 2291 1290 loca
2355 1227 2635 1290 naturae
2702 1223 2836 1289 situ

258 1329 432 1391 tuta.
514 1324 622 1390 Vll
653 1327 712 1406 7,
757 1325 868 1388 17:
922 1323 1014 1389 lta
1063 1322 1317 1389 bel-lum
1369 1322 1743 1388 vitando
1794 1321 2081 1390 alemus.
2163 1321 2359 1406 Vll7,
2396 1324 2514 1387 21:
2596 1341 2835 1408 super-

255 1423 615 1488 stitionem
643 1475 656 1488 .
681 1472 731 1487 ..
769 1422 1074 1488 incutere
1112 1419 1470 1507 temptavit
1505 1419 1830 1486 dicend
1853 1441 1916 1485 0.
1976 1418 2085 1485 Vll
2112 1423 2173 1499 8,
2203 1422 2277 1484 2:
2324 1419 2594 1506 singula
2628 1418 2836 1484 animi

259 1521 587 1587 consulta
637 1519 998 1607 pensando
1050 1522 1329 1585 noctem
1379 1517 1625 1604 vigiliis
1661 1517 1968 1584 extraxit.
2052 1516 2248 1600 V118,
2285 1519 2403 1582 29:
2455 1517 2835 1583 Iurando

258 1618 557 1704 gratiam
611 1616 905 1705 Scythas
955 1616 1224 1683 sancire
1274 1635 1359 1682 ne
1411 1615 1822 1682 credideris:
1888 1616 2277 1682 colendo
2335 1614 2543 1680 iidem
2596 1615 2835 1680 iurant.

260 1714 372 1780 Vll
413 1720 510 1796 11,
555 1719 665 1782 1οε
703 1714 816 1781 Ex
839 1735 939 1803 pe
962 1715 1085 1780 rie
1107 1735 1148 1778 n
1171 1715 1213 1780 d
1236 1736 1300 1795 o,
1337 1733 1511 1801 quae
1547 1713 1756 1802 ceteri
1785 1713 2321 1801 desperaverint,
2356 1711 2592 1778 Asiam
2628 1713 2839 1779 habe-

259 1833 426 1880 mus
475 1814 539 1878 in
592 1817 954 1900 potestate.
1051 1812 1277 1894 V1113,
1315 1816 1335 1877 1
1368 1833 1381 1876 :
1432 1813 1704 1878 fortuna
1754 1811 2315 1899 indulgendo
2365 1811 2441 1877 ei
2484 1830 2837 1897 nunquam

257 1910 564 1998 fatigata.
611 1910 746 1976 Vlll
768 1913 828 1994 4,
849 1914 918 1976 8:
949 1930 1076 1976 nec
1100 1909 1837 1995 recusabantextingui
1866 1909 2396 1996 quiescendo.
2432 1908 2567 1973 Vlll
2596 1911 2693 1990 14,
2722 1910 2836 1972 42:

260 2009 714 2096 respondebo
735 2029 816 2074 ea
842 2008 1263 2088 liberalitate,
1292 2027 1498 2094 quam
1537 2007 2127 2093 interrogando
2154 2006 2391 2073 iecisti.
2437 2004 2834 2089 V11114‚44:

260 2107 431 2173 Plus
481 2107 923 2173 monendo
991 2105 1310 2193 proiecit,
1377 2125 1583 2193 quam
1651 2107 1708 2170 si
1774 2110 2095 2190 precatus
2146 2108 2351 2171 esset.
2426 2103 2669 2186 Vllll,l
2715 2106 2835 2169 23:

260 2205 351 2271 illi
407 2205 844 2271 clementiam
881 2204 1063 2290 regis
1113 2203 1455 2290 simulque
1497 2203 1632 2268 vim
1687 2223 1722 2268 c
1744 2223 1786 2268 o
1810 2222 1876 2266 m
1902 2222 1967 2266 m
1989 2222 2025 2268 e
2047 2223 2113 2266 m
2136 2222 2176 2268 o
2200 2223 2229 2267 r
2249 2221 2288 2267 a
2307 2223 2348 2266 n
2371 2202 2413 2268 d
2435 2222 2476 2267 o
2524 2202 2610 2267 ad
2647 2201 2841 2268 dedi-

259 2303 527 2369 tionem
564 2322 689 2369 eos
726 2302 1147 2389 compulere.
1222 2300 1474 2383 V11112,
1505 2303 1623 2366 24:
1677 2304 2048 2388 postquam
2094 2299 2536 2366 solitudinem
2573 2299 2636 2365 in
2673 2298 2839 2364 Asia

258 2401 407 2466 vin
431 2420 468 2467 c
489 2421 524 2466 e
547 2401 646 2465 nd
669 2421 710 2466 o
774 2399 1052 2466 fecistis.
1149 2398 1400 2482 V11114,
1433 2402 1552 2464 33:
1618 2396 1757 2465 Sed
1808 2399 1883 2464 ie
1903 2398 2080 2485 stin
2102 2418 2141 2464 a
2161 2418 2201 2462 n
2224 2399 2265 2463 d
2288 2419 2329 2464 o
2396 2398 2841 2464 morabantur

261 2497 534 2564 auxilia.
571 2497 956 2578 V11115‚23:
993 2517 1199 2585 quam
1238 2502 1307 2563 ut
1343 2497 1706 2563 secando
1734 2496 1983 2562 vulnus
2010 2490 2361 2582 augerent.
2399 2495 2561 2561 Vllll
2599 2499 2694 2578 10,
2732 2498 2837 2560 14;

263 2601 602 2684 quantum
669 2595 925 2661 itineris
988 2595 1510 2661 festinando
1578 2593 2075 2682 praeciperent.
2174 2593 2236 2658 X
2272 2597 2486 2659 210:
2554 2594 2839 2680 prola-

262 2698 411 2760 tan
433 2695 475 2760 d
497 2715 538 2760 o
574 2694 994 2781 aliquantum
1023 2697 1454 2758 extraxerant
1479 2692 1833 2780 temporis.
1887 2691 1949 2756 X
1978 2695 2038 2775 2,
2067 2695 2185 2758 29:
2222 2696 2541 2779 expetam
2576 2711 2839 2778 poenas

266 2793 424 2874 hos,
491 2813 650 2858 cum
702 2791 952 2879 quibus
1005 2811 1114 2856 me
1167 2791 1563 2878 relinquitis,
1631 2791 2019 2857 colendo
2088 2790 2839 2878 praeferendoque

266 2891 491 2957 vobis.
590 2889 651 2955 X
689 2891 748 2971 7,
800 2892 918 2955 21:
995 2909 1078 2954 ne
1130 2889 1357 2954 abdu
1380 2910 1415 2955 c
1438 2909 1536 2955 en
1559 2890 1664 2955 do
1739 2889 2004 2976 equites
2078 2887 2436 2974 abrupisse
2504 2906 2542 2952 a
2606 2891 2838 2953 cetero

267 2987 576 3054 exercitu
604 2988 967 3054 videretur.
1021 2986 1083 3051 X
1105 2989 1165 3069 8,
1188 2989 1260 3051 7;
1298 2987 1599 3052 triduum
1628 2988 1765 3052 iere
1794 2987 2228 3073 consumpsit
2266 2986 2521 3051 incerta
2553 2985 2840 3051 consilia

268 3106 310 3149 v
331 3107 374 3152 o
395 3086 412 3150 l
434 3107 474 3151 v
497 3106 532 3150 e
553 3107 592 3150 n
616 3086 658 3152 d
682 3105 744 3150 ο.

1160 3173 1268 3238 Ad
1305 3173 1384 3240 Ν
1425 3177 1519 3256 10,
1550 3176 1630 3238 27
1669 3194 1825 3262 pag.
1864 3176 1959 3238 17.

361 3279 820 3368 Asyndeta
868 3281 1449 3348 adversativa
1498 3286 1656 3346 sunt
1709 3281 1913 3347 haec:

363 3378 438 3444 lll
475 3381 572 3459 ll,
601 3381 719 3444 25:
770 3379 950 3445 veris
1015 3379 1392 3466 quondam,
1460 3383 1621 3444 tunc
1688 3378 1924 3445 alienis
1988 3376 2385 3443 nominibus
2435 3376 2839 3442 invocantes

269 3476 353 3542 lV
382 3481 446 3558 4,
483 3481 593 3542 1οε
645 3482 900 3543 turrem
937 3477 1248 3544 ascendit
1283 3476 1541 3563 ingenti
1577 3476 1830 3558 animo,
1867 3475 2175 3562 periculo
2210 3475 2489 3541 maiore.
2565 3473 2646 3539 Ν
2675 3477 2734 3556 5,
2765 3476 2839 3539 7·;

270 3575 464 3663 leges
528 3580 758 3642 autem
809 3595 848 3641 a
896 3575 1272 3642 victoribus
1343 3575 1496 3656 dici,
1563 3574 1784 3661 accipi
1835 3594 1874 3640 a
1921 3574 2139 3640 victis.
2238 3572 2317 3639 Ν
2354 3577 2450 3654 11,
2480 3574 2555 3637 4;
2615 3577 2681 3638 et
2731 3573 2841 3638 ille

269 3679 503 3740 tamen
556 3694 865 3757 uxorem,
917 3679 986 3740 tu
1038 3675 1310 3740 hostem
1361 3673 1580 3758 luges,
1679 3673 1732 3737 V
1762 3675 1822 3755 2,
1851 3675 1969 3738 22:
2023 3671 2499 3738 Procumbens
2535 3671 2840 3735 venerari

272 3792 385 3846 me
420 3791 631 3859 saepe
664 3772 975 3838 voluisti:
1013 3771 1290 3838 inhibui.
1355 3771 1435 3836 Vl
1464 3773 1524 3852 9,
1555 3773 1673 3836 20:
1713 3768 1851 3838 Sed
1887 3771 2019 3836 iarn
2058 3790 2195 3835 non
2232 3770 2440 3835 verba
2475 3767 2841 3855 punienda,

273 3874 469 3936 sunt:
522 3871 794 3956 linguae
844 3869 1193 3936 temeritas
1244 3871 1552 3957 pervenit
1587 3869 1674 3934 ad
1710 3869 2002 3955 gladios.
2100 3867 2181 3932 Vl
2218 3870 2315 3948 10,
2352 3870 2418 3931 1;
2470 3865 2696 3933 Verba
2746 3867 2846 3931 in-

271 3968 549 4034 nocenti
586 3969 879 4054 reperire
914 3969 1108 4034 facile
1136 3973 1261 4049 est,
1279 3969 1578 4034 modum
1607 3968 1978 4034 verborum
2010 3965 2262 4032 misero
2293 3969 2522 4031 tenere
2552 3963 2841 4030 difficile.

272 4066 384 4131 Vll
411 4069 471 4149 4,
501 4069 620 4132 39:
689 4065 833 4132 Rex
899 4066 1002 4132 his
1068 4067 1346 4153 quidem
1414 4067 1668 4147 laetus,
1737 4066 1822 4132 de
1889 4063 2243 4151 Spartanis
2307 4062 2841 4149 haudquaquam

273 4182 584 4231 securus.
690 4163 798 4230 Vll
827 4167 888 4246 6,
925 4168 988 4229 11
1022 4185 1034 4228 :
1104 4164 1336 4249 Legati
1403 4164 1652 4230 deinde
1719 4163 2054 4230 Abiorum
2121 4160 2535 4248 Scytharum
2602 4179 2845 4245 super-

273 4263 574 4346 veniunt,
626 4261 836 4345 liberi,
903 4283 988 4328 ex
1051 4283 1188 4349 quo
1249 4263 1643 4328 decesserat
1698 4259 1943 4349 CyruS,
2004 4266 2171 4329 tum·
2200 4259 2534 4345 imperata
2582 4257 2841 4324 facturi.

273 4359 384 4425 Vll
411 4362 472 4443 8,
511 4363 620 4426 14:
676 4359 908 4443 Quid?
975 4365 1044 4426 tu
1110 4361 1389 4444 ignoras
1455 4360 1739 4426 arbores
1791 4379 2080 4445 magnas
2130 4357 2245 4423 diu
2305 4376 2643 4436 crescere,
2710 4375 2845 4422 una

275 4459 447 4525 hora
495 4458 904 4545 exstirpari?
1000 4457 1176 4523 lbid:
1242 4458 1492 4524 stultus
1557 4461 1681 4540 est,
1748 4456 1860 4543 qui
1925 4457 2186 4522 fructus
2251 4475 2484 4522 earum
2552 4457 2842 4541 spectat,

273 4555 701 4629 altitudinem
738 4577 877 4622 non
915 4554 1208 4621 metitur.
1283 4555 1419 4622 Vlll
1455 4559 1507 4639 1,
1537 4558 1656 4621 27:
1709 4555 1862 4621 laeti
1898 4553 2174 4620 audiere
2226 4553 2527 4635 iuvenes,
2579 4552 2845 4638 ingrata

275 4653 663 4743 senioribus
727 4658 938 4719 erant.
1049 4652 1184 4718 Vlll
1213 4655 1273 4736 5,
1319 4656 1430 4721 16:
1499 4652 1872 4718 Hominem
1940 4651 2387 4738 consequitur
2451 4649 2842 4736 aliquando,
