3334 5292
1575 415 2019 480 —14-

511 592 648 658 Vlll
692 596 788 674 10,
826 595 944 674 293
996 596 1125 658 cet.
1162 593 1482 679 exempla
1508 593 1710 659 reieci
1738 593 1803 658 in
1832 591 2040 658 addit.
2072 611 2227 680 pag.
2258 594 2394 678 41).
2470 590 2821 660 Similibus
2850 595 3077 662 causis

513 688 753 776 Stangl
819 689 884 756 in
934 690 1071 756 Vlll
1117 693 1212 771 10,
1262 693 1368 774 36,
1419 690 1532 758 ubi
1597 691 1662 756 in
1731 689 1915 758 libris
1981 690 2309 776 legimus:
2388 689 2654 771 „Puero
2728 710 3078 780 quoque

512 793 699 856 certe
750 793 996 876 postea
1045 809 1131 855 ex
1180 807 1262 854 ea
1312 792 1688 876 utcumque
1736 789 1970 876 genito
2006 787 2399 855 Alexander
2431 789 2551 855 fuit
2588 796 2886 856 nomen“
2926 809 3081 877 par-

513 886 792 954 ticulam
845 887 1163 974 ‘quoque’
1216 885 1280 958 in
1347 885 1668 974 ‘quidem'
1738 890 1976 966 mutat,
2042 907 2203 953 cum
2256 885 2475 954 Kinch
2540 887 2770 954 locum
2837 907 3080 955 sanare

509 985 671 1051 velit
735 984 1066 1072 particula
1116 983 1434 1072 ‘quoque'
1486 984 1552 1049 in
1617 984 2154 1071 praecedentem
2216 1004 2496 1051 versum
2562 986 2906 1066 translata,
2965 987 3078 1052 ubi

512 1102 551 1149 a
600 1082 784 1148 nullo
836 1082 1215 1171 requiritur.
1312 1079 1452 1149 Sed
1505 1081 1878 1170 quidem
1946 1083 2232 1165 certe'‚
2288 1101 2710 1171 quamquam
2760 1103 2919 1150 cum
2972 1084 3079 1150 alii

514 1180 727 1247 Latini
776 1181 1152 1267 scriptores
1203 1183 1346 1246 tum
1399 1177 1648 1246 Cicero
1700 1180 1943 1246 crebro
1994 1181 2138 1247 sive
2188 1180 2559 1248 coniuncta
2592 1181 2735 1247 sive
2770 1181 3081 1248 seiuncta

514 1274 868 1366 usurpant,
935 1282 1164 1346 tamen
1213 1297 1252 1344 a
1303 1275 1496 1346 Curti
1547 1276 1847 1345 historiis
1897 1278 2113 1347 abest.
2193 1279 2423 1367 ltaque
2487 1278 2797 1346 dubitare
2857 1280 3079 1366 coepi,

514 1380 739 1443 utrum
808 1374 1112 1462 Stangeli
1178 1374 1577 1444 coniectura
1641 1395 1726 1442 an
1793 1375 2133 1463 scriptura
2196 1377 2260 1442 in
2333 1378 2539 1444 codd.
2592 1378 2836 1444 tradita
2896 1382 3081 1445 recta

514 1474 619 1540 sit.
695 1473 774 1541 Et
823 1478 1271 1542 occurrerunt
1323 1474 1759 1568 perlustranti
1811 1474 1974 1540 mihi
2024 1475 2233 1541 libros
2268 1475 2375 1542 alii
2413 1472 2604 1541 Curti
2640 1475 2794 1560 loci,
2831 1475 3079 1564 quibus

515 1573 845 1660 particula
896 1571 1214 1660 ‘quoque’
1266 1590 1485 1659 aeque
1534 1591 1614 1638 ac
1666 1591 1876 1659 supra
1926 1592 2064 1639 non
2108 1573 2194 1639 ad
2228 1593 2439 1638 unum
2473 1573 2890 1640 vocabulum
2929 1593 3081 1660 per-

512 1669 698 1753 tinet,
771 1671 896 1738 sed
970 1675 1185 1736 totam
1258 1669 1668 1736 sententiam
1736 1669 1821 1735 ad
1889 1670 2422 1756 praecedentem
2473 1671 2803 1758 adiungit,
2870 1671 2961 1738 ita
3008 1675 3082 1737 ut

513 1767 840 1836 Germani
876 1768 1279 1855 particulam
1332 1767 1509 1834 ‘auc
1532 1769 1595 1834 h'
1647 1768 1713 1832 in
1749 1768 2060 1834 oratione
2096 1769 2321 1835 minus
2355 1773 2677 1836 accurata
2710 1773 3079 1856 usurpant:
3173 1779 3181 1786 '

600 1865 683 1930 Vl
718 1868 779 1948 4,
808 1867 927 1932 25:
980 1864 1316 1952 Satrapen
1369 1865 1618 1932 deinde
1673 1865 2061 1952 Hyrcaniae
2113 1866 2301 1933 dedit
2349 1866 2711 1953 Menapin:
2763 1867 2919 1933 exul
2970 1867 3079 1933 hic

513 1968 844 2050 regnante
897 1962 1096 2031 Ocho
1149 1964 1234 2030 ad
1286 1963 1678 2050 Philippum
1731 1968 2154 2051 pervenerat.
2230 1964 2665 2051 Tapurorum
2724 1984 3081 2053 quoque

510 2067 791 2150 gentem
828 2061 1148 2128 Phradati
1184 2060 1498 2129 reddidit.
1572 2061 1655 2126 Vl
1683 2065 1745 2144 ὁ,
1775 2064 1909 2144 5s6,
1948 2062 2060 2127 ubi
2096 2081 2255 2128 cum
2286 2061 2598 2129 Hedicke
2634 2062 3079 2149 interpungo:

513 2159 636 2242 „Et
688 2160 793 2227 ille
843 2181 918 2226 se
969 2160 1248 2247 quidem
1300 2160 1522 2247 spolia
1556 2159 1921 2226 Persarum
1956 2165 2231 2247 gestare
2268 2160 2559 2242 dicebat,
2596 2159 2721 2227 sed
2757 2180 2916 2226 cum
2953 2160 3080 2227 illis

511 2279 790 2346 quoque
840 2277 1072 2324 mores
1124 2258 1453 2339 induerat,
1505 2258 2042 2346 superbiamque
2107 2258 2379 2324 habitus
2444 2258 2650 2324 animi
2719 2258 3081 2324 insolentia

510 2356 947 2443 sequebatur.
1015 2355 1301 2421 Litteras
1336 2375 1723 2443 quoque,
1775 2375 1947 2442 quas
1983 2355 2047 2420 in
2086 2353 2430 2442 Europam
2468 2355 2785 2436 mitteret,
2831 2355 3081 2421 veteris

511 2454 692 2523 anuli
763 2472 1043 2540 gemma
1114 2452 1550 2540 obsignabat,
1626 2453 1726 2533 iis,
1776 2472 1950 2540 quas
2023 2453 2087 2518 in
2151 2452 2388 2519 Asiam
2454 2453 2805 2535 scriberet,
2873 2452 3079 2519 Darei

510 2551 754 2618 anulus
805 2551 1342 2639 imprimebatur,
1394 2555 1464 2616 ut
1514 2551 1875 2637 adpareret
1940 2571 2152 2617 unum
2219 2551 2523 2617 animum
2576 2550 2873 2616 duorum
2940 2571 3080 2616 non

512 2667 759 2736 capere
808 2649 1218 2716 fortunam“.
1291 2647 1541 2735 (Vogel
1592 2648 1871 2736 quidem
1922 2648 2134 2714 verba
2184 2647 2534 2715 ‘Litteras.
2573 2700 2586 2714 .
2625 2649 2661 2711 .’
2724 2667 2943 2736 usque
2992 2649 3077 2714 ad

513 2745 1046 2833 ‘inprimebatur’
1096 2747 1268 2813 falso
1321 2746 1477 2813 huic
1530 2747 1687 2812 loco
1740 2746 2071 2812 insertum
2124 2766 2279 2812 esse
2316 2747 2605 2828 iudicat;
2656 2746 2782 2812 sed
2818 2745 3078 2827 iniuria,

513 2848 584 2910 ut
620 2844 902 2930 opinor3
955 2864 1112 2911 nam
1152 2843 1434 2910 Curtius
1484 2845 1588 2911 his
1638 2844 1866 2910 verbis
1918 2843 2080 2910 dicit
2130 2845 2193 2910 in
2231 2841 2626 2910 Alexandro
2669 2843 2850 2910 duos
2884 2844 3077 2932 quasi

511 2942 781 3009 animos
830 2943 1061 3025 luisse,
1112 2942 1328 3029 ipsius
1378 2941 1685 3008 animum
1737 2946 1802 3008 et
1850 2941 2154 3008 animum
2207 2941 2433 3009 Darei.
2508 2941 2579 3006 ld
2628 2961 2713 3008 ex
2747 2961 2831 3008 eo
2868 2961 3079 3028 appa-

511 3041 749 3122 ruisse,
801 3041 990 3129 quod
1042 3045 1184 3106 tum
1236 3060 1364 3106 suo
1415 3040 1642 3122 anulo,
1696 3044 1840 3106 tum
1893 3039 2097 3105 Darei
2147 3040 2457 3126 epistulis
2508 3035 2957 3126 obsignaret).

600 3138 735 3204 Vlll
774 3143 823 3221 l,
860 3138 1099 3210 41s42:
1154 3136 1374 3205 Clitus
1410 3158 1568 3204 cum
1604 3138 2132 3219 abstraheretur,
2170 3137 2257 3204 ad
2293 3137 2647 3224 pristinam
2681 3137 3075 3204 violentiam

512 3237 608 3304 ira
657 3256 935 3324 quoque
1005 3236 1293 3320 adiecta,
1367 3256 1496 3303 suo
1563 3240 1845 3322 pectore
1910 3240 2181 3322 tergum
2248 3235 2422 3301 illius
2488 3255 2643 3302 esse
2696 3235 3076 3315 defensum,

512 3354 715 3414 nunc,
768 3339 1138 3422 postquam
1175 3335 1340 3400 tanti
1385 3333 1605 3400 meriti
1641 3333 2058 3421 praeterierit
2094 3338 2390 3420 tempuS,
2426 3333 2630 3400 etiam
2668 3333 3075 3400 memoriam

512 3432 799 3498 invisam
865 3452 1020 3498 esse
1087 3433 1486 3519 proclamat.
1567 3431 1773 3498 Attali
1839 3451 2193 3520 quoque
2258 3433 2546 3498 caedem
2606 3431 2948 3497 obiciebat
3014 3434 3077 3496 et

512 3531 597 3596 ad
634 3530 946 3596 ultimum
977 3529 1174 3613 lovis,
1211 3550 1418 3617 quem
1455 3534 1718 3617 patrem
1748 3529 1875 3596 sibi
1910 3528 2301 3596 Alexander
2326 3533 2683 3610 assereret,
2720 3529 3076 3596 oraculum

512 3627 821 3709 eludens,
871 3629 1137 3695 veriora
1185 3649 1260 3695 se
1311 3628 1455 3714 regi
1504 3648 1712 3715 quam
1774 3632 2037 3715 patrem
2088 3628 2234 3694 eius
2286 3627 2735 3714 respondisse
2786 3627 3077 3693 dicebat.

605 3725 758 3792 Huc
832 3726 1145 3812 pertinet,
1219 3726 1345 3793 nisi
1417 3726 1610 3792 fallor
1676 3725 1757 3791 lV
1811 3729 1906 3806 ll,
1960 3728 2054 3806 13,
2122 3725 2235 3790 ubi
2301 3726 2366 3790 in
2427 3723 2484 3791 C
2536 3724 2872 3811 scriptum
2937 3730 3079 3790 est:

515 3822 1036 3904 „Macedoniam
1101 3844 1380 3912 quoque
1447 3824 1679 3911 potius
1729 3823 2126 3910 respiceret,
2198 3842 2406 3910 quam
2459 3821 2707 3889 Bactra
2755 3828 2821 3887 et
2872 3821 3080 3888 Indos

511 3921 945 3987 intueretur.“
999 3921 1176 3988 Nam
1214 3922 1339 3990 etsi
1377 3921 1696 4009 ‘quoque’
1735 3921 1797 3986 in
1837 3920 1887 3986 P
1924 3922 2140 4002 deest,
2176 3925 2405 3987 tamen
2443 3920 2875 3986 verisimilius
2911 3924 3078 4006 puto

514 4019 915 4106 particulam
968 4020 1031 4085 in
1085 4019 1135 4085 P
1186 4025 1340 4088 ante
1394 4020 1668 4106 ‘potius’
1725 4019 2089 4100 excidisse,
2141 4037 2347 4107 quam
2400 4018 2464 4084 in
2518 4017 2574 4084 C
2611 4018 2865 4084 illatam
2902 4037 3077 4084 esse.

603 4116 670 4182 ln
722 4117 826 4183 his
876 4117 1200 4184 omnibus
1252 4117 1588 4204 exemplis
1655 4117 1986 4204 particula
2037 4117 2355 4204 ‘quoque'
2408 4116 2795 4183 secundum
2848 4116 3077 4183 locum

512 4214 835 4281 circuitus
907 4215 1168 4282 obtinet
1234 4220 1300 4282 et
1369 4221 1528 4302 post
1594 4235 1850 4282 nomen
1916 4214 2423 4283 substantivum
2488 4217 2602 4279 aut
2669 4232 3078 4300 pronomen,

515 4312 704 4399 quod
741 4318 845 4378 est
894 4313 1300 4380 substantivi
1351 4314 1532 4393 loc0,
1584 4313 1812 4401 posita
1861 4316 1985 4378 est.

604 4409 893 4476 Facilius
945 4410 1008 4476 in
1060 4411 1317 4494 v11119‚
1355 4413 1391 4476 7
1444 4410 1770 4497 explicari
1822 4414 1887 4478 et
1938 4410 2209 4475 delendi
2245 4414 2474 4498 potest
2512 4409 2854 4497 ‘quoque’,
2890 4408 3077 4496 quod

515 4506 734 4596 Vogel
774 4508 1043 4590 delevit,
1079 4507 1319 4595 Stangl
1357 4509 1421 4574 in
1459 4508 1782 4596 ‘quidem'
1821 4507 2125 4573 mutavit.
2200 4507 2526 4594 Legimus
2560 4508 2741 4573 enim
2772 4527 2855 4572 eo
2884 4507 3077 4574 loco:

517 4604 804 4693 „ltaque
842 4606 1099 4693 ingenti
1149 4606 1496 4673 alacritate
1547 4605 1799 4671 nautici
1853 4605 2191 4692 remigant
2240 4609 2306 4672 et
2356 4605 2676 4692 proximo
2727 4624 3077 4692 quoque

515 4702 645 4784 die,
696 4723 834 4790 quo
886 4701 1178 4791 propius
1220 4723 1384 4791 spes
1433 4703 1956 4784 admovebatur,
2008 4704 2369 4769 crescebat
2418 4704 2626 4769 ardor
2666 4702 3075 4769 animorum.
