3334 5292
1319 309 1715 372 ,9-

245 487 324 551 ab
358 505 677 551 sermone
715 483 1047 551 Curtiano
1083 485 1450 552 abhorrere
1486 505 1624 550 non
1661 484 1979 551 iudicem.
2054 484 2199 550 Nec
2237 485 2444 550 miror
2478 485 2799 571 equidem

245 603 490 650 nomen
541 582 911 648 Alexandri
963 603 1120 649 cum
1171 583 1536 670 asperitate
1587 583 1886 670 quadam
1938 582 2181 648 crebro
2232 582 2570 648 omissum
2623 603 2799 648 esse.

247 681 672 749 Obversatur
721 681 901 746 enirn
953 680 1271 767 scriptori
1321 701 1598 767 semper
1663 681 1791 763 ille,
1859 681 2054 746 cuius
2117 681 2327 746 vitam
2392 681 2799 746 tradendam

245 779 371 845 sibi
422 779 807 867 proposuit,
859 783 930 844 ut
980 778 1422 846 obliviscatur
1471 799 1726 845 nomen
1777 778 1924 845 eius
1975 799 2549 861 commemorare,
2596 799 2801 865 quem

244 877 469 943 animo
521 897 650 942 suo
700 881 904 963 atque
955 876 1374 962 cogitatione
1425 876 1929 963 complectitur.

330 975 533 1040 Haud
599 974 840 1041 iustius
906 975 1277 1057 obiectum,
1327 975 1517 1061 quod
1567 980 1673 1041 est
1723 994 2110 1061 pronomen
2162 974 2801 1054 demonstrativum,

244 1073 559 1139 existimo
611 1073 913 1159 suppleri
965 1072 1068 1138 his
1118 1072 1325 1138 locis:
1378 1073 1447 1137 lll
1509 1076 1602 1154 ll,
1649 1075 1759 1137 15:
1815 1073 2113 1160 „quippe
2148 1071 2823 1156 in··circumagendis..

243 1171 435 1257 equis
485 1171 626 1236 suis
659 1172 852 1254 (eos)
883 1169 1193 1237 Thessali
1229 1171 1416 1236 inulti
1453 1175 2028 1257 occupaverant.“
2102 1162 2231 1235 Alii
2274 1171 2533 1235 malunt
2572 1168 2801 1250 „inulti

239 1271 429 1352 <eos>
478 1274 668 1334 occ.“
752 1267 808 1333 V
844 1271 904 1350 5,
950 1271 1059 1333 17;
1115 1268 1418 1350 „tristem
1471 1268 1651 1334 enim
1705 1269 1790 1334 de
1843 1267 2253 1334 mortalitate
2309 1268 2480 1334 ferre
2529 1272 2803 1333 senten-

241 1367 401 1432 tiam
453 1371 517 1432 et
568 1366 935 1452 desperare
987 1365 1552 1447 misericordiam,
1618 1367 1761 1454 qui
1826 1386 2008 1433 eam
2075 1366 2312 1451 (codd.
2364 1365 2518 1430 hab.
2572 1365 2802 1452 ‘quia.')

242 1465 387 1550 ipse
453 1464 641 1530 alteri
711 1465 1177 1550 denegaturus
1228 1464 1376 1530 sit“.
1474 1462 1678 1546 V112‚
1725 1467 1833 1530 12:
1906 1465 2245 1550 „saepius,
2312 1482 2486 1551 quae
2552 1482 2803 1528 nocere

240 1571 562 1648 possent,
629 1581 836 1649 quam
888 1562 1136 1649 quibus
1187 1563 1521 1644 eluderet,
1590 1567 1981 1649 reputans“.
2080 1560 2251 1628 Vide
2301 1559 2407 1625 Vll
2453 1564 2503 1641 l,
2550 1564 2624 1625 lo
2693 1565 2805 1639 „ut

240 1660 582 1726 refellant“
637 1661 806 1743 (om.
861 1659 1033 1743 ‘ea’).

1353 1805 1467 1884 ΙΠ
1503 1807 1565 1898 8,
1594 1804 1693 1885 17.

326 1953 399 2018 ln
428 1954 634 2020 codd.
665 1953 724 2020 A
752 1955 1084 2041 scriptum
1115 1956 1442 2041 legimus:
1503 1955 1775 2042 „ltaque
1804 1956 2277 2042 speculatores
2316 1973 2439 2020 ma
2461 1974 2490 2018 r
2510 1953 2526 2018 i
2547 1957 2569 2018 t
2590 1953 2606 2016 i
2629 1973 2693 2016 m
2717 1971 2805 2017 as

240 2051 668 2136 regiones
719 2053 1274 2139 praemissos
1325 2055 1684 2141 explorare
1734 2054 1938 2135 iubet,
1991 2054 2137 2139 ipse
2181 2053 2459 2118 adesset
2494 2070 2577 2115 an
2614 2069 2807 2137 prae-

238 2150 578 2215 fectorum
614 2149 857 2237 aliquis
893 2151 1198 2237 speciem
1237 2151 1668 2238 praebuisset
1706 2151 2000 2217 universi
2034 2150 2370 2216 venientis
2398 2147 2802 2214 exercitus.“

241 2247 554 2313 Hedicke
627 2253 910 2314 secutus
974 2248 1299 2316 Zarotum
1376 2250 1733 2315 emendat:
1814 2249 1986 2332 „<in>
2051 2267 2215 2314 mar.
2270 2252 2452 2333 reg.“
2551 2245 2806 2330 Vogel:

239 2347 342 2428 „<r
363 2365 404 2411 e
424 2367 467 2410 x
502 2345 617 2430 in>
644 2366 810 2411 mar.
839 2352 1022 2434 reg.“
1078 2347 1144 2411 ln
1174 2347 1472 2413 editione
1500 2351 1899 2433 stereotypa
1927 2347 2190 2413 maluit:
2232 2345 2406 2429 „<in>
2434 2343 2808 2410 maritimas

237 2443 563 2530 regiones
598 2496 611 2508 .
651 2496 664 2509 .
704 2495 716 2508 .
769 2446 1127 2531 explorare
1173 2447 1432 2528 <rex>“
1473 2497 1486 2510 .
1524 2497 1537 2510 .
1577 2496 1590 2509 .
1664 2445 1935 2511 Nomen
1982 2445 2163 2531 regis
2213 2461 2806 2530 supervacaneum

236 2561 394 2608 esse
424 2561 656 2629 -supra
695 2543 812 2625 (ad
849 2541 923 2607 Ill
960 2545 1019 2623 7,
1055 2544 1125 2627 ὁ)
1177 2543 1678 2609 demonstravi:
1732 2541 2301 2608 Emendationem
2352 2546 2582 2608 autem
2635 2539 2811 2624 „<in>

239 2639 618 2706 maritimas
683 2660 824 2726 reg.
892 2641 1355 2727 praemissos“
1425 2640 1641 2727 Vogel
1710 2643 1856 2727 ipse
1922 2641 2064 2706 iure
2121 2641 2359 2706 falsam
2410 2659 2565 2706 esse
2617 2642 2809 2724 putat

237 2737 319 2820 (13
357 2756 516 2823 pag.
553 2739 918 2823 91—92a).
1019 2738 1490 2821 Quamobrem
1541 2739 1825 2804 alteram
1863 2739 2260 2825 proposuit:
2316 2738 2581 2824 „itaque
2617 2755 2806 2822 spec.

239 2856 326 2900 m.
365 2854 510 2921 reg.
549 2840 906 2922 praeter
957 2837 1208 2903 lsson
1259 2838 1436 2924 expl.
1475 2837 1723 2902 iubet.“
1802 2834 1939 2926 Sed
1976 2857 2097 2903 cur
2130 2834 2520 2902 Alexander
2555 2835 2617 2899 in
2653 2853 2807 2899 eam

237 2934 465 3020 ipsam
516 2934 893 3020 regionem,
946 2935 1126 3000 unde
1177 2934 1388 3000 saucii
1439 2940 1504 3001 et
1539 2935 1811 3000 invalidi
1850 2934 2153 3000 Dareum
2190 2934 2383 3020 sequi
2420 2925 2809 2998 nuntiantes

235 3035 590 3114 venerant,
651 3033 1126 3118 speculatores
1177 3052 1315 3099 non
1369 3033 1646 3116 miserit,
1699 3053 1832 3118 ego
1884 3053 2021 3099 non
2074 3033 2415 3119 intellego.
2513 3028 2618 3095 An
2670 3050 2808 3095 non

237 3129 659 3212 Alexandro,
711 3134 937 3195 utrum
988 3150 1225 3196 verum
1278 3137 1461 3197 esset
1511 3151 1752 3213 necne,
1803 3131 1991 3218 quod
2044 3131 2153 3211 illi,
2189 3129 2437 3216 quibus
2474 3128 2605 3193 ‘vix
2635 3128 2809 3194 fides

241 3228 663 3309 habebatur‘,
738 3229 1233 3311 nuntiaverant,
1306 3229 1806 3315 exquirendum
1883 3229 2090 3294 erat?
2172 3228 2240 3294 ld
2314 3228 2502 3315 quod
2570 3224 2808 3311 Stangl

238 3326 614 3392 Meiserum
689 3327 932 3412 partim
1008 3332 1290 3393 secutus
1355 3330 1417 3392 in
1486 3328 1859 3393 editionem
1927 3347 2123 3392 suam
2176 3325 2469 3413 recepit:
2538 3324 2809 3411 „ltaque

237 3424 807 3510 speculatum
861 3445 1007 3490 rex
1059 3426 1270 3491 mari
1321 3424 1398 3490 in
1452 3445 1595 3492 eas
1633 3425 1953 3511 regiones
1990 3425 2413 3512 praemissos
2449 3422 2811 3509 explorare

236 3521 494 3603 iubet“‚
548 3526 1024 3609 praeterquam
1076 3523 1264 3610 quod
1314 3523 1520 3609 longe
1569 3523 1766 3589 abest
1814 3543 1853 3590 a
1902 3523 2242 3610 scriptura
2292 3522 2619 3588 librorum
2664 3519 2809 3586 aliis

238 3638 523 3706 quoque
573 3620 660 3686 de
709 3621 938 3686 causis
974 3640 1215 3708 parum
1252 3620 1495 3707 placet.
1594 3620 1742 3706 Ego
1778 3622 1988 3688 credo
2028 3620 2425 3686 ‘maritimas
2469 3618 2809 3704 regiones'

237 3717 581 3805 pertinere
630 3718 717 3784 ad
770 3719 1056 3785 verbum
1092 3719 1494 3805 explorandi
1531 3724 1595 3784 et
1631 3720 1863 3785 locum
1901 3719 2140 3785 ordine
2174 3719 2542 3784 verborum
2580 3716 2813 3782 leviter

240 3819 509 3882 mutato
539 3815 628 3882 ita
654 3817 1040 3882 sanandum
1069 3837 1259 3882 esse:
1309 3816 1580 3904 „ltaque
1616 3838 1648 3884 s
1671 3819 2093 3905 peculato
2117 3837 2255 3882 res
2291 3815 2811 3903 praemissos

238 3913 621 3980 maritimas
671 3915 990 4001 regiones
1033 3915 1389 4003 explorare
1440 3914 1675 3981 iubet.
1714 3969 1727 3981 .
1764 3921 1821 3982 .“
1918 3915 2094 3982 Nam
2148 3913 2635 4003 ‘praemissos',
2687 3932 2812 3999 pro

238 4033 381 4098 quo
431 4013 645 4078 verbo
699 4011 856 4079 Max
891 4011 1206 4079 Schmidt
1243 4013 1492 4079 frustra
1528 4013 1901 4080 ‘remissos'
1940 4012 2237 4100 requirit,
2276 4011 2517 4079 Curtio
2554 4011 2811 4076 idcirco

241 4110 478 4175 dicere
530 4110 735 4191 licuit,
787 4112 976 4198 quod
1027 4110 1370 4178 exercitus
1421 4111 1636 4197 signis
1688 4111 2044 4178 conversis
2087 4111 2317 4177 Dareo
2370 4109 2813 4193 occurrebat;

243 4206 344 4272 ‘in
400 4208 888 4275 maritimas
940 4209 1363 4295 regiones
1414 4209 1860 4295 praemissos'
1914 4208 2142 4275 dicere
2193 4229 2331 4274 non
2381 4207 2587 4290 licuit,
2624 4207 2812 4294 quod

240 4305 589 4372 exercitus
654 4305 803 4394 ipse
868 4308 953 4373 ad
1023 4326 1210 4372 mare
1239 4307 1689 4374 -versabatur.
1786 4306 2077 4374 Accedit
2126 4306 2315 4395 quod
2366 4307 2548 4372 idem
2597 4305 2811 4372 verbo

240 4404 732 4490 praemittendi
807 4406 1211 4492 plerumque
1284 4405 1374 4472 ita
1439 4406 1664 4487 utitur,
1740 4411 1811 4472 ut
1876 4426 2044 4492 quo
2110 4405 2197 4470 illi
2249 4404 2622 4486 mittantur,
2674 4423 2812 4470 non

240 4492 606 4578 significet,
656 4495 842 4560 velut
890 4494 971 4559 lV
1007 4496 1102 4575 12,
1131 4497 1206 4559 4:
1258 4491 1723 4561 Praemissum
1776 4495 2024 4560 deinde
2074 4514 2233 4560 cum
2283 4494 2436 4560 citis
2470 4493 2813 4581 equitibus

239 4590 568 4656 Menidan
605 4591 791 4658 iubet
827 4593 1206 4679 explorare,
1251 4591 1363 4656 ubi
1400 4591 1666 4659 Dareus
1704 4597 1908 4659 esset.
1961 4591 2043 4656 Vl
2079 4595 2139 4675 4,
2177 4594 2286 4657 14:
2339 4592 2814 4680 speculatores
