3334 5292
1312 409 1755 472 -29—

345 583 668 652 Similiter
701 584 1110 672 explicanda
1143 588 1322 665 sunt,
1357 604 1532 671 quae
1572 582 1852 651 Curtius
1886 585 2087 651 tradit
2123 585 2203 652 lV
2238 588 2299 667 9,
2337 588 2407 651 2:
2452 585 2817 668 Bactriani,

250 681 490 770 Scythi
525 687 592 750 et
627 682 767 749 Indi
803 686 1303 749 convenerant:
1341 682 1426 749 de
1451 683 1619 766 aliis,
1656 703 1831 770 quae
1859 683 2219 770 propiores
2246 688 2457 765 erant,
2492 684 2817 770 gentibus

249 799 806 847 commemorare
852 800 1034 868 opus
1083 800 1222 846 non
1259 784 1384 862 est,
1434 780 1761 868 quoniam
1811 782 1897 846 ab
1945 781 2049 848 his
2100 782 2339 868 copias
2374 782 2623 848 missas
2658 801 2814 848 esse

243 878 530 966 quilibet
566 898 688 965 per
719 898 794 945 se
821 878 1305 965 suspicabitur.
1380 876 1574 960 Quae
1608 879 2114 965 argumentatio
2151 881 2450 966 perbene
2487 880 2819 967 probatur

246 977 385 1042 hoc
459 976 615 1042 loco
670 975 794 1060 ·(lll
831 978 890 1059 2,
926 977 1034 1061 9);
1111 975 1326 1057 „Nam
1393 975 1797 1043 Bactrianos
1869 981 1935 1043 et
2007 975 2403 1064 Sogdianos
2476 982 2542 1043 et
2607 977 2814 1045 Indos

247 1079 661 1160 ceterosque
691 1075 874 1139 rubri
909 1073 1117 1140 maris
1151 1074 1450 1156 accolas,
1493 1073 1730 1160 ignota
1763 1074 1967 1141 etiam
2003 1075 2133 1161 ipsi
2167 1075 2476 1162 gentium
2513 1075 2814 1157 nomina,

244 1171 591 1238 {estinatio
642 1171 1048 1258 prohibebat
1097 1171 1323 1238 acciri.

338 1269 484 1336 Nec
526 1269 715 1336 aliter
763 1269 1261 1356 intellegemus,
1313 1288 1488 1356 quae
1541 1267 1820 1336 Curtius
1870 1272 2072 1337 reiert
2104 1269 2169 1335 X
2218 1273 2278 1352 5,
2330 1273 2450 1336 34:
2503 1268 2817 1357 Scriptor

251 1372 621 1455 postquam
649 1367 809 1434 vitia
827 1366 1218 1450 Alexandri,
1248 1387 1423 1455 quae
1448 1368 1759 1435 fortunae
1784 1369 2141 1435 tribuenda
2161 1373 2340 1450 sunt,
2370 1369 2821 1452 enumeravit,

248 1466 347 1532 sic
376 1486 413 1532 c
435 1486 476 1532 o
498 1487 540 1530 n
561 1466 701 1532 clu
723 1466 768 1530 d
788 1465 804 1530 i
824 1470 882 1532 t:
920 1465 1025 1532 De
1045 1465 1396 1532 iracundia
1414 1466 1562 1533 eius
1581 1471 1648 1532 et
1667 1467 2042 1553 cupiditate
2061 1467 2198 1532 vini
2225 1467 2445 1532 fusius
2464 1486 2812 1554 exponere

245 1564 444 1645 nolo;
472 1583 630 1630 nam
651 1564 822 1630 haec
849 1563 1009 1629 vitia
1027 1568 1186 1630 sunt
1206 1563 1574 1630 inventutis
1600 1568 1667 1631 et
1686 1565 1776 1630 ob
1798 1583 1951 1630 eam
1971 1584 2254 1631 causam
2278 1565 2815 1651 reprehensione

246 1662 478 1728 minus
529 1662 772 1749 digna:

338 1759 494 1827 Non
546 1763 806 1826 mutata
867 1763 972 1826 est
1021 1778 1060 1825 a
1108 1758 1400 1845 Vogelio
1463 1759 1793 1846 particula
1840 1762 2039 1827 ‘nam’
2093 1759 2175 1825 lV
2234 1763 2330 1843 14,
2406 1763 2517 1826 18:
2595 1760 2813 1842 „Nam

244 1857 659 1940 Alexander,
710 1861 1311 1944 quantuscumque
1345 1856 1610 1944 ignavis
1660 1862 1727 1924 et
1761 1857 2015 1924 timidis
2049 1859 2260 1925 videri
2298 1862 2548 1946 potest,
2601 1878 2813 1924 unum

245 1956 498 2022 animal
534 1960 639 2022 est
675 2007 688 2020 .
726 2007 741 2020 .
777 1960 835 2021 .“
910 1954 1073 2020 Vllll
1108 1956 1168 2038 2,
1212 1957 1318 2019 17:
1374 1955 1622 2036 „Nam
1655 1956 1933 2038 flumen,
1984 1977 2122 2044 quo
2159 1957 2358 2023 latius
2405 1957 2635 2022 iusum
2686 1961 2813 2039 est,

245 2055 382 2120 hoc
435 2051 770 2141 placidius
805 2057 1142 2140 stagnat“.
1210 2051 1478 2135 Quibus
1513 2053 1685 2120 locis
1720 2054 2050 2140 particula
2084 2057 2285 2121 ‘nam'
2338 2054 2632 2121 eandem
2675 2053 2813 2120 vim

245 2152 640 2240 occupandi
691 2152 916 2218 habet.

341 2249 553 2316 Paulo
604 2269 808 2316 secus
859 2249 1105 2315 dicitur
1168 2247 1251 2313 lV
1309 2250 1404 2330 14,
1455 2251 1574 2314 22:
1643 2248 2017 2330 „restituite
2085 2248 2247 2316 mihi
2305 2251 2618 2336 pignora,
2685 2271 2811 2337 pro

245 2348 498 2435 quibus
533 2349 660 2435 ipsi
696 2348 869 2415 mori
905 2367 1043 2413 non
1080 2347 1431 2430 recusatiS,
1469 2351 1847 2433 parentem,
1884 2346 2171 2413 liberos:
2216 2367 2403 2414 nam
2440 2347 2811 2434 coniugem

245 2446 315 2512 in
365 2446 469 2512 ills
521 2466 793 2512 carcere
844 2445 1105 2511 amisi“.

343 2541 670 2610 Ceterum
720 2544 806 2610 de
857 2544 965 2608 illa
998 2543 1479 2629 occupationis
1510 2542 1748 2630 figura,
1801 2562 1975 2630 quae
2012 2543 2343 2629 particula
2394 2543 2591 2610 'nam’
2646 2563 2813 2608 con-

245 2643 520 2723 tinetur,
573 2662 776 2708 nemo
813 2640 1012 2707 latius
1062 2641 1471 2728 doctiusque
1508 2640 1829 2708 disseruit
1879 2659 2084 2728 quam
2130 2640 2485 2707 Mauritius
2522 2638 2812 2726 Seyffert

246 2740 316 2806 in
369 2737 598 2806 Schol.
639 2738 776 2805 Lat.
813 2739 833 2804 1
870 2758 984 2825 pp.
1017 2741 1122 2818 90,
1161 2740 1280 2804 148
1329 2743 1394 2804 et
1445 2738 1492 2803 11
1543 2759 1656 2826 pp.
1689 2741 1792 2819 74,
1831 2741 1970 2804 129.
2703 2770 2710 2776 ·

1271 2987 1459 3070 vm
1494 2987 1598 3084 10,
1629 2988 1778 3090 3s4.

341 3131 457 3197 Est
507 3131 571 3196 in
623 3132 829 3197 codd.
866 3129 960 3196 A:
1015 3130 1169 3213 ‚‚llli,
1219 3131 1377 3218 quia
1427 3131 1622 3216 plura
1668 3128 1949 3196 flumina
1999 3129 2392 3216 superanda
2442 3133 2653 3210 erant,
2712 3129 2811 3195 sic

244 3230 528 3295 iunxere
557 3248 787 3309 naveS,
816 3233 888 3294 ut
914 3229 1179 3295 solutae
1202 3229 1522 3315 plaustris
1550 3228 1703 3295 vehi
1732 3231 2019 3314 possent
2047 3247 2421 3314 rursusque
2458 3227 2810 3313 coniungi.

246 3326 460 3393 Post
509 3347 599 3393 se
649 3326 718 3411 (i.
756 3348 813 3393 e.
851 3326 1176 3412 coniungi
1212 3327 1390 3413 p’se)
1436 3323 1722 3392 Cratero
1773 3344 1931 3390 cum
1968 3325 2313 3412 phalange
2368 3326 2557 3391 iusso
2595 3325 2811 3411 sequi,

246 3425 627 3512 equitatum
679 3445 757 3491 ac
810 3425 1030 3490 levem
1082 3428 1498 3490 armaturam
1549 3423 1848 3489 eduxit“.

341 3522 537 3588 Hanc
588 3522 954 3588 lectionem
1006 3522 1304 3588 editores
1354 3525 1426 3586 ut
1468 3525 1896 3607 receperunt,
1948 3520 2038 3585 ita
2086 3541 2224 3585 non
2276 3519 2812 3607 explicaverunt.

247 3621 398 3707 Ego
426 3640 705 3707 quaero,
735 3624 962 3686 utrum
984 3621 1071 3702 id,
1100 3621 1287 3707 quod
1307 3624 1412 3686 est
1431 3621 1654 3706 ‘post’,
1678 3619 2260 3705 praepositionem
2292 3619 2486 3685 malis
2514 3618 2813 3705 intellegi

247 3737 333 3784 an
363 3717 785 3783 adverbium.
823 3715 892 3784 Si
921 3717 1527 3804 praepositionem,
1557 3716 1838 3783 nomina
1858 3717 2020 3781 mihi
2041 3717 2453 3803 scriptorem
2478 3715 2813 3797 Latinum,

248 3815 361 3903 qui
389 3815 622 3882 scribit
650 3819 830 3902 ‘post
863 3836 938 3882 se
966 3815 1180 3903 sequi'
1218 3836 1342 3904 pro
1371 3817 1465 3881 'se
1493 3813 1708 3902 sequi’
1743 3813 1829 3898 (V
1858 3816 2049 3896 1,44;
2096 3812 2229 3879 Vlll
2268 3817 2459 3896 11,1l
2491 3835 2505 3896 ;
2552 3813 2812 3896 V11112,

250 3915 350 3998 2);
394 3915 799 4001 plerumque
834 3917 1062 3979 autem
1094 3912 1371 3981 Curtius
1406 3914 1694 3979 verbum
1731 3912 2066 3999 sequendi
2102 3912 2203 3977 ab
2226 3913 2525 3978 solute
2562 3912 2812 3998 posuit.

249 4010 320 4079 Si
355 4011 755 4078 adverbium
793 4031 949 4077 esse
986 4012 1202 4079 mavis
1236 4010 1460 4099 ‘post’,
1511 4011 1577 4077 id
1613 4012 1699 4077 ab
1734 4009 2044 4076 oratione
2082 4007 2271 4076 Curti
2319 4009 2812 4077 alienissimum

246 4130 405 4177 esse
471 4110 844 4193 contendo,
912 4110 1238 4197 quoniam
1294 4111 1370 4192 is,
1437 4109 1503 4175 id
1561 4109 1749 4196 quod
1800 4106 2214 4175 Germanice
2281 4108 2526 4174 dicitur
2589 4109 2815 4190 ‘dann,

247 4208 570 4288 hernach,
607 4207 906 4289 hieraul’‚
959 4208 1158 4274 nullis
1191 4206 1549 4273 vocabulis
1586 4205 1904 4293 exprimit
1939 4205 2065 4270 nisi
2102 4205 2239 4270 his:
2294 4204 2584 4289 ‘deinde,
2638 4206 2816 4289 inde,

249 4305 428 4388 dein,
481 4310 746 4392 postea,
797 4311 957 4393 post
1007 4306 1198 4389 haee,
1251 4327 1436 4386 mox,
1488 4306 1678 4370 tum'.
1756 4302 1937 4386 Quid
1984 4303 2170 4390 quod
2223 4324 2427 4370 nemo
2473 4305 2820 4371 desiderat

247 4406 363 4470 hic
429 4404 829 4470 adverbium
895 4404 1310 4490 temporale3
1376 4407 1442 4469 at
1503 4401 2075 4489 significationem
2142 4401 2441 4468 nominis
2505 4402 2817 4485 subiecti,

249 4503 437 4589 quod
467 4503 586 4582 eis,
615 4502 728 4588 qui
755 4507 955 4568 antea
983 4501 1422 4567 nominantur
1450 4499 1745 4566 ducibus
1765 4538 1849 4546 —-
1871 4517 2027 4564 nam
2050 4498 2180 4563 ‘illi‘
2207 4504 2367 4565 sunt
2388 4499 2815 4588 Hephaestio

250 4604 316 4666 et
365 4597 734 4666 Perdiccas
783 4639 868 4648 —
918 4603 1330 4686 opponatur,
1394 4598 1544 4686 quis
1610 4617 1749 4663 non
1800 4595 2026 4683 poscit
2074 4598 2179 4662 vel
2231 4598 2462 4685 potius
2510 4599 2824 4683 flagitat?

251 4697 481 4784 ltaque
532 4695 772 4782 Stangl
824 4703 1006 4764 recte
1057 4718 1194 4762 non
1245 4696 1492 4764 edidit:
1528 4695 1566 4760 ’.
1604 4747 1617 4760 .
1656 4746 1672 4759 .
1708 4693 2035 4777 coniungi
2073 4695 2262 4781 ‚p’se
2316 4693 2603 4762 Cratero
2656 4716 2815 4762 cum
