3334 5292
297 597 328 634 0

1601 389 2040 453 -34-

637 564 714 631 Β.
786 563 942 631 Νοη
1008 564 1322 630 ultimum
1387 563 1619 630 locum
1692 564 2075 630 sententiae
2136 569 2340 647 tenet,
2412 566 2537 632 sed
2610 567 3129 651 paenultimum

549 661 686 728 V111
723 665 819 745 14,
847 665 961 727 41:
1029 682 1255 729 rerum
1323 680 1628 728 mearum
1697 662 1977 748 cognita
2039 662 2217 728 lama
2265 663 2421 728 belli
2484 663 2933 730 fortunam
2994 684 3131 730 ex-

547 779 768 847 periri.

639 856 716 925 C.
770 857 1266 925 Delectationis
1316 877 1527 925 causa
1559 858 1857 924 variatur
1905 858 2009 924 his
2051 877 2329 945 quoque
2366 858 2572 926 locis:
2625 859 2788 943 1112,
2826 863 2930 926 17;
2981 861 3130 927 nisi

550 956 753 1022 etiam
819 961 1223 1023 naturam
1289 957 1696 1044 plerumque
1765 957 2125 1023 fortuna
2188 961 2685 1043 corrumperet.
2782 958 2858 1024 111
2893 961 2954 1039 2,
3000 962 3127 1024 18:

548 1055 867 1121 homines
918 1074 1076 1120 cum
1127 1074 1203 1120 se
1239 1054 1613 1142 permisere
1645 1055 1981 1135 fortunae,
2030 1055 2235 1120 etiam
2285 1059 2683 1122 naturam
2728 1056 3127 1124 dediscere.

547 1152 630 1218 Ν
663 1157 758 1236 16,
787 1155 906 1219 27:
959 1156 1264 1219 ceterum
1314 1153 1492 1219 hanc
1541 1152 1903 1219 victoriam
1955 1153 2213 1220 maiore
2263 1173 2349 1220 ex
2398 1159 2591 1241 parte
2625 1154 2854 1220 virtuti
2901 1175 3125 1242 quam

543 1253 860 1320 fortunae
887 1271 1074 1318 ‘suae
1123 1249 1378 1316 debuit.
1461 1249 1569 1316 Vll
1606 1254 1658 1332 1,
1696 1252 1807 1318 19:
1874 1249 2483 1338 ‘Qualiscumque’,
2549 1250 2796 1339 inquit,
2864 1251 3127 1320 ‘exitus

542 1371 676 1418 nos
723 1353 973 1432 manet,
1025 1369 1163 1430 rex,
1214 1347 1625 1415 confitemur
1675 1368 2086 1435 prosperum
2137 1349 2253 1415 tibi
2304 1349 2679 1432 debituros‚
2740 1351 3123 1418 tristiorem

542 1450 843 1518 fortun
865 1466 959 1514 ae
1001 1447 1504 1534 imputaturos'.
1562 1445 1698 1512 V111
1736 1449 1835 1530 10,
1870 1449 1976 1512 18:
2022 1445 2196 1529 Quis
2230 1451 2437 1533 neget
2471 1447 2795 1530 eximiam
2829 1469 3124 1537 quoque

544 1547 838 1635 gloriam
887 1545 1165 1633 saepius
1212 1545 1630 1611 fortunae
1679 1563 1885 1632 quarn
1933 1545 2199 1611 virtutis
2248 1565 2405 1612 esse
2454 1546 2913 1613 beneficium?

636 1644 948 1732 Inprimis
967 1641 1370 1710 nominativi
1391 1643 1731 1708 removeri
1751 1643 1977 1709 solent
1994 1662 2035 1708 a
2054 1643 2393 1710 clausula:
2430 1641 2544 1711 Sic
2572 1665 2731 1710 cum
2752 1646 3121 1732 superiore

543 1743 653 1810 illa
701 1761 948 1811 norma
996 1741 1472 1808 consentiunt:
1525 1739 1607 1806 Ν
1641 1742 1702 1822 5,
1748 1742 1854 1805 12:
1907 1759 2352 1828 quocumque
2403 1741 2786 1828 pendentes
2834 1743 3117 1811 animos

545 1841 812 1908 tulisset
857 1841 1236 1907 {ortuum
1326 1838 1408 1904 Ν
1434 1841 1496 1920 6,
1524 1841 1596 1904 6;
1649 1840 1837 1925 quod
1880 1838 2140 1904 homini
2184 1838 2579 1906 facillimum
2616 1840 2907 1907 voluerit
2950 1862 3115 1908 esse

544 1944 878 2004 natura.
959 1937 1210 2020 V11113,
1250 1940 1356 2002 13:
1424 1937 1614 2024 quod
1662 1937 1868 2003 rebus
1916 1937 2235 2003 humanis
2285 1938 2651 2004 terminum
2692 1939 2909 2005 voluit
2948 1960 3113 2006 esse

545 2041 882 2102 natura.
934 2035 1400 2102 Dissentiunt:
1445 2033 1743 2117 1118‚29:
1783 2032 2108 2101 Ceterum
2146 2035 2486 2102 destinata
2520 2037 2883 2102 salubriter
2915 2039 3109 2104 omni

543 2134 807 2201 ratione
880 2133 1228 2221 potentior
1301 2133 1658 2199 fortuna
1722 2132 2069 2224 discussit.
2168 2132 2221 2197 V
2266 2137 2361 2216 13,
2399 2136 2514 2200 22:
2588 2134 2764 2201 adeo
2822 2155 3103 2201 omnem

541 2252 825 2300 sensum
893 2231 1142 2297 territis
1189 2232 1464 2297 iortuna
1520 2230 1793 2316 penitus
1842 2236 2266 2298 excusserat.
2363 2230 2443 2297 Vl
2480 2235 2575 2314 10,
2605 2235 2725 2298 33:
2792 2253 3000 2320 quem
3052 2233 3110 2298 si

539 2333 898 2398 fortuna
973 2333 1378 2417 exspectare
1450 2330 1818 2410 voluisset,
1900 2333 2214 2395 natura
2293 2331 2647 2416 poscebat.
2761 2331 2895 2396 Vlll
2932 2334 2993 2413 3,
3032 2334 3111 2396 6;

543 2434 887 2517 pateretur
920 2434 1204 2511 sortem,
1257 2446 1769 2514 quamcumque
1812 2426 1890 2492 iis
1925 2428 2285 2493 fortuna
2333 2428 2627 2494 iecisset.
2711 2427 2959 2510 V11116,
3000 2431 3109 2494 12:

545 2528 672 2595 nisi
709 2533 774 2594 te
809 2529 1266 2614 interceptum
1304 2525 1700 2592 misericors
1736 2525 1799 2590 in
1839 2545 1969 2591 nos
2017 2525 2379 2591 fortuna
2420 2531 2784 2594 servasset.
2851 2525 3015 2593 V1111
3046 2531 3109 2610 6,

543 2630 660 2693 22;
713 2647 884 2714 quas
933 2631 1251 2693 natura
1297 2625 1507 2708 longe
1557 2624 2025 2690 submoverat.

630 2723 953 2812 Specie
1018 2726 1153 2790 huc
1218 2723 1586 2810 pertinent:
1654 2720 1735 2786 IV
1780 2724 1875 2803 11,
1920 2723 2033 2787 21;
2100 2722 2287 2808 quod
2340 2722 2699 2808 proximae
2765 2723 2939 2788 lucis
2987 2724 3111 2788 ad-

541 2823 892 2909 signatura
938 2825 1261 2889 fortuna
1302 2825 1424 2888 est
1459 2819 2027 2907 (pronuntiabant
2061 2823 2291 2886 autem
2324 2824 2595 2886 veteres
2626 2821 3103 2906 fortunast);

539 2919 922 3005 V1115,17:
999 2920 1193 2987 Prius
1250 2919 1336 2985 ab
1395 2918 1613 2984 oculis
1683 2918 2069 2983 mortalium
2129 2917 2409 2984 amolita
2464 2922 2704 2984 natura
2768 2923 2872 2984 est
2929 2919 2998 3004 (i.
3041 2940 3095 2984 e.

541 3021 897 3104 naturast).
981 3018 1086 3104 [Vl
1115 3021 1174 3099 5,
1204 3020 1316 3083 29:
1370 3035 1548 3103 quos
1596 3015 1847 3082 eximia
1880 3016 2113 3103 specie
2150 3015 2407 3082 donare
2459 3021 2773 3083 natura
2824 3016 3097 3102 dignata

541 3120 646 3182 est
693 3118 762 3202 (i.
798 3138 856 3185 e.
894 3114 1316 3202 dignatast)].

632 3214 769 3283 Sed
804 3215 888 3281 de
924 3215 1027 3280 his
1068 3213 1542 3299 similibusque
1593 3211 1799 3278 rebus
1850 3212 1905 3278 is
1957 3211 2238 3276 demum
2290 3210 2540 3276 certius
2590 3211 2937 3294 iudicabit,
2988 3211 3102 3299 qui

543 3313 974 3400 quaesiverit,
1025 3332 1189 3376 num
1229 3308 1507 3377 Curtius
1557 3329 2085 3375 numerosae
2130 3309 2457 3374 orationis
2492 3309 2850 3374 studiosus
2883 3310 3104 3391 fuerit,

541 3415 608 3478 et
657 3411 713 3476 si
761 3411 900 3493 fuit,
951 3410 1190 3498 quales
1240 3409 1586 3474 clausulae
1637 3427 1967 3473 numeros
2015 3407 2406 3494 modosque
2452 3425 2607 3472 esse
2642 3407 2951 3472 voluerit.
3035 3408 3104 3472 ln

543 3529 677 3596 qua
727 3511 1131 3596 quaestione
1184 3507 1482 3572 maxima
1532 3506 1797 3591 primus
1848 3505 2179 3587 omniurn,
2230 3505 2461 3591 quoad
2497 3524 2631 3590 ego
2668 3505 2905 3587 sciam,
2955 3525 3105 3570 ver-

541 3607 674 3674 sari
709 3608 938 3694 coepit
959 3607 1199 3673 Novak
1235 3604 1700 3692 (spicilegium
1737 3622 1895 3690 pag.
1918 3606 1955 3668 5
1984 3604 2139 3690 sq.).
2209 3601 2307 3668 Ex
2342 3602 2814 3688 superioribus
2850 3603 3097 3668 criticis

543 3706 733 3771 multi
785 3706 998 3771 multa
1045 3706 1110 3771 in
1147 3702 1470 3770 clausulis
1504 3702 1713 3767 verba
1747 3702 1811 3766 in
1849 3701 2173 3768 omnibus
2208 3700 2569 3768 codicibus
2603 3701 2849 3767 tradita
2885 3705 3115 3791 muta3

537 3809 781 3871 verunt
809 3803 1052 3887 (velutz
1099 3802 1518 3868 ‘inciderant'
1549 3820 1673 3887 pro
1703 3800 2157 3867 ‘inciderunt':
2203 3798 2284 3864 Ν
2313 3803 2409 3882 15,
2447 3802 2551 3881 17;
2604 3798 3097 3866 ‘adhaeserant’

540 3923 664 3990 pro
717 3901 1248 3969 ‘adhaeserunt':
1315 3899 1378 3964 X
1415 3902 1472 3974 5,
1508 3900 1622 3980 373
1699 3898 2254 3985 ‘occupaverant'
2321 3919 2447 3984 pro
2509 3893 3103 3983 ‘occupaverunt’:

537 4000 620 4065 Vl
649 4003 709 4082 6,
738 4002 842 4080 25,
880 3999 1250 4087 dequibus
1286 3997 1520 4064 formis
1557 3997 1621 4060 in
1650 4015 1808 4082 pag.
1839 3998 1924 4061 20
1950 4000 2016 4062 et
2043 3998 2115 4060 21
2155 3996 2355 4061 11111113
2384 3994 2884 4061 dissertationis
2912 3995 3103 4079 dixi),

539 4100 624 4165 de
659 4098 962 4164 numeris
999 4097 1364 4184 modisque
1400 4095 1737 4182 inquirere
1773 4094 2058 4160 omnino
2095 4093 2285 4160 obliti
2321 4099 2499 4160 sunt.

1686 4257 1847 4352 X6,
1876 4255 1964 4335 11.

627 4393 932 4458 Tradunt
960 4393 1166 4457 codd.
1196 4390 1290 4456 A:
1331 4391 1703 4472 „Ceterum
1732 4390 2119 4478 exspectari
2155 4389 2465 4454 nondum
2495 4390 2721 4452 ortum
2753 4403 2986 4470 regem
3016 4388 3104 4463 et,

540 4491 655 4579 qui
720 4491 853 4556 iam
919 4491 1034 4572 sit,
1101 4491 1444 4576 praeteriri
1511 4510 1638 4556 nec
1703 4489 1949 4556 animis
2011 4486 2473 4553 Macedonum
2540 4483 2910 4549 convenire
2975 4501 3103 4546 nec

541 4595 620 4656 te
642 4610 708 4654 m
731 4609 774 4675 p
795 4610 836 4655 o
859 4590 924 4653 ri
975 4610 1005 4653 r
1024 4609 1060 4654 e
1083 4609 1112 4653 r
1132 4609 1174 4652 u
1195 4609 1297 4653 m:
1359 4608 1395 4654 e
1414 4608 1447 4654 s
1467 4608 1500 4654 s
1521 4609 1556 4654 e
1607 4608 1643 4654 e
1696 4586 1979 4653 Barsine
2028 4585 2240 4651 filium
2292 4583 2508 4669 regis:
2576 4582 2733 4646 huic
2785 4580 3103 4646 diadema

542 4688 908 4754 dandum.“

3298 689 3300 808 1
