3334 5292
1287 395 1730 457 -31—

209 571 595 639 assimilata
645 574 750 638 est
797 569 1232 636 antecedenti
1282 576 1450 657 part.
1489 571 1654 658 pert.
1693 589 1877 657 pass,
1913 573 2255 657 ‘ereptus’.
2338 569 2659 638 Similiter
2709 568 2789 634 lV

223 675 277 752 1,
311 673 397 736 30
447 670 656 736 codd.
693 669 948 734 habent
998 667 1292 754 ‘potitur'
1343 689 1469 755 pro
1523 668 1843 755 ‘potitus’,
1896 667 2038 751 V*5,
2068 671 2152 733 24
2206 669 2609 734 ‘miseretur’
2664 688 2789 754 pro

215 758 588 835 ‘misertus'
611 767 740 852 (sic
757 766 1010 848 lunius,
1032 785 1237 853 quem
1259 767 1984 853 sequuntureditores;
2006 768 2129 834 sed
2161 765 2787 833 nonne‘miseritus’

216 866 748 954 praeferendum
802 865 1006 949 estP),
1057 862 1122 928 X
1158 868 1253 945 10,
1284 866 1370 929 20
1419 865 1745 931 ‘habetur’
1797 886 1923 953 pro
1975 865 2309 931 ‘habitus’.

311 964 582 1031 Deinde
613 961 893 1030 Curtius
923 962 1151 1050 ‘paulo
1181 963 1360 1048 post’
1391 967 1456 1029 et
1485 962 1743 1029 similes
1780 963 2169 1030 locutiones
2197 964 2602 1051 plerumque
2630 982 2790 1028 cum

221 1062 570 1150 praesenti
619 1065 936 1148 tempore
987 1061 1364 1146 coniungit,
1430 1061 1587 1126 licet
1639 1063 2021 1148 perfectum
2072 1065 2349 1148 tempus
2400 1060 2790 1148 praecedat,

225 1159 412 1226 velut
454 1159 514 1224 X
547 1162 607 1240 5,
643 1162 716 1224 6:
784 1178 1110 1246 suprema
1158 1158 1328 1225 haec
1369 1178 1507 1225 vox
1557 1159 1678 1225 tuit
1728 1160 1909 1246 regis
1960 1164 2025 1226 et
2069 1159 2274 1246 paulo
2326 1162 2485 1246 post
2537 1158 2792 1224 exstin-

229 1258 474 1346 guitur.
568 1256 800 1339 V1115,
838 1259 955 1322 21:
1024 1255 1231 1342 Igitur
1279 1257 1366 1323 ad
1416 1255 1595 1344 Agin
1663 1262 1728 1323 et
1782 1255 2119 1324 Cleonem
2188 1256 2389 1337 misit,
2455 1261 2575 1322 ut.
2616 1308 2630 1321 .
2668 1307 2681 1320 .
2726 1260 2792 1320 et

230 1357 434 1444 paulo
507 1359 835 1443 post
901 1353 1294 1420 convivium
1379 1355 1640 1442 repetit.
1738 1354 2106 1438 V11118,1:
2192 1355 2513 1421 Indorum
2586 1353 2791 1441 legati

230 1453 490 1520 dimissi
527 1454 781 1519 domos
818 1451 1056 1539 paucis
1094 1456 1254 1539 post
1281 1453 1524 1519 diebus
1559 1472 1719 1519 cum
1757 1454 1957 1519 donis
1994 1457 2455 1520 revertuntur.-
2505 1451 2558 1516 V
2597 1457 2648 1534 1,
2687 1455 2790 1517 1οε

228 1551 441 1618 Paulo
514 1554 673 1638 post
745 1548 1140 1616 Alexandro
1214 1549 1465 1617 Arbela
1535 1552 1915 1618 traduntur.
2014 1550 2177 1617 Vllll
2214 1553 2273 1633 7,
2310 1553 2427 1616 24:
2502 1555 2568 1616 et
2634 1553 2795 1636 post

228 1669 496 1737 paucos
545 1649 694 1714 dies
743 1648 917 1714 inter
973 1649 1214 1735 epulas
1278 1667 1562 1715 aureum
1630 1649 1959 1736 poculum
2025 1669 2111 1714 ex
2175 1647 2571 1734 composito
2632 1649 2793 1714 sub-

230 1747 516 1813 ducitur.
613 1745 772 1827 XI,
819 1750 928 1811 10;
1006 1745 1210 1811 Haud
1285 1747 1499 1812 multo
1574 1752 1733 1833 post
1799 1746 2156 1812 Nearchus
2229 1752 2295 1813 et
2363 1745 2793 1814 Onesicritus

234 1897 248 1910 .
286 1897 299 1910 .
336 1896 349 1909 .
384 1845 892 1931 superveniunt.
969 1842 1048 1909 lV
1078 1846 1138 1927 3,
1177 1846 1286 1909 13:
1339 1843 1626 1910 Postera
1660 1845 1769 1910 die
1820 1845 2042 1912 classe
2077 1844 2164 1909 ad
2202 1847 2475 1910 moenia
2510 1845 2794 1909 admota

238 1943 530 2029 undique
583 1941 944 2009 tormentis
996 1945 1062 2007 et
1114 1941 1411 2006 maxime
1461 1941 1749 2008 arietum
1802 1942 2004 2028 pulsu
2058 1961 2293 2008 muros
2344 1942 2577 2029 quatit.

1373 2193 1542 2288 X3,
1573 2193 1635 2273 5.

320 2336 386 2401 ln
423 2334 482 2400 A
512 2335 836 2420 legimus:
883 2333 1102 2418 „Nam
1133 2354 1292 2400 cum
1322 2339 1605 2422 postero
1637 2336 1745 2400 die
1774 2335 2094 2422 prohibiti
2122 2335 2308 2400 aditu
2342 2335 2797 2416 venissent,

225 2432 550 2499 Asiaticis
604 2433 816 2499 modo
870 2433 1194 2500 militibus
1244 2433 1587 2513 admissiS,
1641 2433 2001 2519 lugubrem
2049 2432 2207 2499 totis
2243 2432 2491 2499 castris
2520 2432 2800 2499 edidere

225 2533 628 2612 clamorem,
658 2530 1140 2596 denuntiantes
1170 2531 1481 2617 protinus
1509 2550 1663 2596 esse
1687 2531 2077 2613 moriturOS,
2107 2531 2162 2596 si
2191 2551 2309 2597 rex
2330 2536 2798 2619 perseveraret

229 2629 496 2694 irasci“.

323 2725 632 2792 Editores
685 2727 1018 2792 suadente
1057 2725 1298 2792 Fossio
1349 2726 1656 2792 scribunt
1708 2725 1972 2812 ‘regis
2023 2729 2347 2792 essent’
2393 2747 2517 2812 pro
2555 2725 2799 2791 ‘venis-

235 2825 428 2889 sent'.
501 2821 640 2891 Sed
679 2825 977 2911 primum
1015 2825 1184 2889 haec
1222 2824 1422 2889 lectio
1460 2823 1735 2907 longius
1771 2824 1966 2891 abest
2002 2843 2039 2888 a
2073 2824 2413 2910 scriptura
2447 2823 2795 2889 librorum.

229 2920 499 2986 Deinde
548 2922 911 3008 genetivus
961 2921 1210 2987 obiect.
1250 2920 1471 3006 ‘regis'
1517 2940 2075 3008 supervacaneus
2113 2927 2237 3003 est,
2288 2922 2475 3008 quod
2512 2941 2595 2987 ex
2631 2941 2799 2987 con-

229 3023 419 3084 textu
480 3020 632 3106 ipso
686 3019 1056 3085 verborum
1109 3019 1558 3100 coniceretur,
1619 3019 1825 3085 etiam
1875 3019 1931 3084 si
1983 3019 2046 3083 in
2100 3039 2222 3109 ea,
2267 3039 2441 3106 quae
2492 3019 2800 3106 sequitur

229 3118 592 3200 sententia,
647 3137 822 3204 quae
873 3123 977 3183 est
1028 3117 1104 3183 ‘si
1148 3138 1266 3182 rex
1302 3123 1775 3204 perseveraret
1825 3116 2067 3198 irasci',
2121 3138 2375 3184 nomen
2427 3115 2608 3202 regis
2658 3137 2797 3182 non

230 3214 432 3301 plane
483 3216 959 3303 appellaretur.
1061 3215 1243 3282 Usus
1293 3219 1522 3281 autem
1574 3215 2002 3296 substantivi,
2055 3216 2242 3302 quod
2291 3219 2395 3281 est
2430 3215 2696 3280 ‘aditus’
2734 3218 2799 3280 et

229 3313 600 3379 verborum
638 3313 936 3379 adeundi
973 3317 1038 3378 et
1072 3313 1475 3378 admittendi
1513 3314 1881 3379 illustratur
1916 3313 2019 3379 his
2052 3313 2258 3382 locis:

323 3409 404 3475 Vl
441 3414 500 3492 7,
539 3414 649 3476 17:
702 3411 854 3498 lpse
891 3408 1264 3477 Cebalinus
1311 3415 1466 3477 ante
1517 3411 1930 3476 vestibulum
1984 3411 2211 3498 regiae
2246 3449 2331 3458 -
2365 3429 2587 3496 neque
2640 3431 2799 3497 pro-

234 3509 390 3597 pius
439 3510 739 3576 aditus
797 3509 857 3574 ei
907 3510 1186 3596 patebat
1235 3549 1316 3556 --
1369 3508 1706 3574 consistit.
1788 3508 2037 3591 V11118,
2068 3512 2185 3575 23:
2253 3507 2798 3593 „(Ptolemaeus)

229 3608 480 3674 aditu
530 3608 726 3690 facili,
779 3607 938 3673 nihil
991 3628 1077 3673 ex
1128 3608 1304 3674 tastu
1355 3608 1581 3694 regiae
1633 3607 2138 3694 adsumpserat.

325 3703 489 3770 Vllll
524 3707 582 3787 3,
629 3707 738 3771 18:
807 3706 1170 3792 claudique
1223 3705 1481 3791 regiam
1532 3704 1729 3771 iussit
1778 3705 2099 3771 omnibus
2153 3709 2421 3792 praeter
2470 3706 2801 3772 adsuetos

235 3803 376 3868 adi
400 3823 484 3868 re
520 3803 902 3890 prohibitis.
978 3802 1040 3867 X
1069 3807 1128 3884 ὁ,
1158 3805 1228 3868 2;
1282 3804 1473 3868 multi
1509 3803 1747 3884 duceS,
1782 3803 2159 3890 frequentia
2196 3803 2480 3868 militum
2519 3805 2800 3884 exclusi,

237 3900 495 3984 regiam
532 3902 778 3967 intrare
815 3921 954 3966 non
990 3905 1326 3988 poterant,
1378 3922 1537 3968 cum
1574 3921 1830 3988 praeco
1866 3901 2197 3988 exceptis,
2249 3901 2361 3988 qui
2398 3902 2800 3967 nominatim

237 3998 624 4080 citarentur,
676 3999 921 4065 adire
973 3999 1384 4086 prohiberet.

331 4094 632 4179 1115‚11:
686 4097 1299 4183 admissisque
1342 4098 1580 4162 amicis
1632 4097 1880 4184 pariter
1930 4118 2008 4163 ac
2064 4096 2371 4162 medicis.
2437 4096 2804 4180 V1113,11:

234 4194 345 4258 ille
397 4194 524 4278 (sc.
562 4193 987 4279 Alexander)
1039 4194 1351 4282 protinus
1403 4195 1762 4261 barbaram
1814 4195 2009 4261 iussit
2058 4194 2436 4261 admitti.

329 4288 569 4378 Stangl
635 4285 868 4358 scribit
935 4292 1386 4359 ‘abissent’
1454 4313 1578 4379 pro
1647 4292 2061 4358 ‘venissent’.
2144 4290 2461 4358 Abeundi
2518 4293 2804 4359 verbum

235 4390 556 4455 absolute
590 4409 629 4456 a
659 4388 896 4456 Curtio
933 4396 1118 4457 certe
1154 4390 1373 4457 octies
1410 4390 1645 4456 decies
1680 4391 1843 4476 poni
1879 4410 2121 4458 cernes
2158 4410 2242 4455 ex
2276 4390 2485 4456 addit.
2515 4410 2672 4477 pag.
2702 4392 2807 4455 47.

238 4487 472 4573 ltaque
523 4487 611 4552 illi
662 4489 1020 4570 assentior,
1076 4487 1480 4574 praesertim
1531 4508 1691 4553 cum
1743 4488 1999 4554 litteras
2051 4488 2135 4554 ‘b’
2172 4492 2239 4554 et
2275 4488 2357 4553 ‘u'
2396 4487 2544 4574 (‘v’)
2594 4489 2656 4553 in
2703 4489 2806 4554 his

237 4585 602 4652 codicibus
653 4586 1034 4651 admodum
1086 4585 1332 4652 crebro
1371 4586 1742 4672 permutari
1793 4589 2085 4652 constet.
2160 4585 2459 4651 Atteram
2495 4585 2692 4668 V117,
2732 4588 2805 4650 12

241 4682 606 4749 dubitabit:
659 4683 729 4748 Ρ.
769 4683 1133 4749 dubitauit:
1197 4682 1284 4765 C;
1335 4683 1390 4747 V
1427 4688 1523 4766 10,
1553 4687 1592 4749 3
1643 4685 2065 4750 nabazanes:
2119 4682 2258 4764 LP,
2304 4702 2692 4749 nauazanes
2727 4683 2803 4749 V.
