3334 5292
1376 332 1817 396 „27-

308 510 873 596 spectaculorum
925 508 1470 574 oblectamentis.
1547 507 1619 573 ΠΙ
1647 511 1767 574 ὸ3ῑ
1820 508 1886 573 id
1936 527 2284 595 quoque
2334 527 2502 574 non
2561 507 2706 573 sine
2758 507 2877 571 de-

307 628 498 674 core.
522 605 604 674 G.
627 610 746 673 26:
789 607 972 672 unde
1001 626 1256 672 annum
1291 626 1333 693 q
1356 627 1397 671 u
1419 627 1458 672 ο
1481 626 1523 693 q
1544 626 1585 671 u
1606 626 1643 672 e
1680 606 1906 692 ipsum
1944 626 1985 670 n
2007 626 2047 670 o
2070 626 2111 670 n
2148 605 2211 671 in
2240 604 2528 671 totidem
2558 604 2875 692 digerunt

305 706 606 792 species.
635 704 908 789 (Aliterz
956 707 1050 787 15,
1073 707 1193 786 583
1246 706 1570 786 15‚66;6,
1600 706 1721 786 303
1774 707 1869 786 ll,
1900 706 2026 790 13).
2078 703 2280 788 (Vide
2309 702 2511 769 etiam
2542 703 2874 787 Draeger,

307 801 505 890 Synt.
543 825 605 868 u.
643 801 741 870 St.
794 803 917 869 des
966 803 1160 868 Tae.²
1209 821 1365 889 pag.
1403 805 1508 884 46,
1558 800 1598 889 ξ
1635 802 1807 886 122).

403 900 586 984 Quid
622 901 811 988 quod
845 900 990 966 aliis
1025 920 1301 987 quoque
1338 900 1509 966 locis
1538 897 1819 966 Curtius
1849 899 2286 986 negationem
2316 899 2399 964 ab
2428 918 2536 981 e0,
2570 899 2655 965 ad
2684 899 2872 985 quod

306 998 604 1086 pertinet
651 999 887 1081 verbe,
937 998 1235 1083 seiungit
1280 998 1466 1064 velut
1514 996 1624 1062 Vll
1659 1001 1721 1079 6,
1758 999 1875 1062 24:
1944 997 2170 1063 haud
2228 996 2595 1083 oppidanis
2645 997 2874 1064 consi-

309 1097 474 1162 lium
526 1096 931 1163 defectionis
981 1095 1547 1181 adprobantibus.
1643 1094 1804 1160 Vllll
1842 1097 1901 1177 2,
1938 1097 2013 1160 6:
2079 1095 2219 1159 vix
2277 1094 2523 1160 diurno
2586 1099 2873 1182 quaestu

311 1195 830 1281 propulsantem
880 1193 1154 1260 tamem.

1337 1345 1488 1426 V11
1524 1346 1588 1438 9,
1617 1343 1835 1448 12713.

397 1479 711 1546 Traditur
777 1481 840 1545 in
907 1479 1112 1546 codd.
1163 1479 1257 1544 A:
1328 1478 1598 1565 „ltaque
1664 1478 1793 1564 ipsi
1844 1478 2019 1562 (scil.
2071 1478 2528 1561 Macedones)
2592 1479 2871 1564 quidem

305 1578 564 1643 ducum
614 1578 1074 1663 fungebantur
1124 1576 1350 1643 officio
1401 1576 1711 1665 aliusque
1761 1576 1966 1642 alium
2018 1577 2357 1643 adhortati
2406 1577 2472 1641 in
2522 1577 2871 1642 hostem

301 1675 544 1741 salutis
607 1675 1052 1741 immemores
1115 1695 1312 1741 ruere
1377 1679 1780 1762 coeperunt.
1874 1675 2047 1740 Tum
2107 1694 2270 1741 vero
2322 1695 2460 1740 non
2522 1693 2663 1756 ora,
2733 1695 2869 1740 non

303 1792 514 1853 arma,
566 1793 703 1839 non
756 1774 1128 1839 clamorem
1180 1774 1525 1839 hostem
1577 1772 1843 1839 barbari
1894 1773 2183 1840 tolerare
2234 1777 2668 1858 potuerunt“.

397 1868 815 1937 'Clamorem
869 1871 1234 1937 hostem’
1302 1875 1367 1937 et
1431 1871 1639 1936 ceteri
1707 1871 2009 1937 editores
2074 1876 2141 1936 et
2191 1868 2427 1957 Stangl
2490 1875 2755 1937 mutant
2806 1871 2869 1936 in

303 1969 425 2034 'cl.
485 1969 921 2048 hostium’,
1003 1969 1460 2055 posteriorem
1528 1987 1607 2033 ac
1676 1969 2017 2034 diversam
2083 1969 2393 2034 eiusdem
2464 1969 2870 2036 substantivi

302 2067 596 2132 formam
664 2067 1001 2154 superiori
1065 2066 1235 2133 falso
1287 2086 1325 2133 a
1391 2066 1674 2132 librariis
1739 2066 2184 2133 assimilatam
2252 2087 2407 2133 esse
2473 2067 2615 2132 rati.
2728 2064 2867 2133 Sed

305 2164 606 2250 primum
658 2165 1020 2250 genetivus
1085 2165 1430 2230 'hostium’
1498 2163 1699 2250 plane
1750 2164 2001 2230 inutilis
2051 2169 2255 2252 atque
2306 2183 2867 2250 supervacaneus

303 2265 446 2344 est;
513 2262 760 2328 deinde
811 2262 898 2326 illi
949 2263 1386 2328 coniecturae
1436 2263 1492 2328 si
1542 2262 1961 2342 subscribes,
2026 2262 2191 2328 satis
2256 2264 2442 2353 mire,
2506 2283 2589 2328 ne
2641 2262 2868 2328 dicam

304 2360 554 2446 inepte,
603 2359 824 2446 finges
875 2360 1228 2446 superiore
1280 2361 1436 2426 loco
1485 2361 1818 2426 barbaros
1868 2379 1905 2425 a
1942 2359 2179 2426 Curtio
2230 2361 2557 2447 appellari
2608 2361 2867 2443 hosteS,

305 2457 691 2544 posteriore
741 2458 896 2523 loco
948 2457 1392 2524 Macedones,

396 2552 556 2621 Sine
607 2555 816 2621 dubio
867 2556 1181 2622 ‘hostem'
1233 2560 1393 2642 post
1443 2555 1861 2622 'clamorem'
1911 2557 2083 2622 falso
2134 2577 2218 2622 ex
2269 2558 2622 2643 superiore
2663 2577 2868 2622 versu

303 2653 666 2739 repetitum
719 2657 782 2718 et
834 2652 1204 2719 delendum
1257 2658 1380 2719 est.

1379 2807 1567 2888 VIII
1604 2809 1668 2901 5,
1698 2808 1759 2887 8.

394 2939 460 3004 ln
511 2938 570 3004 A
620 2945 758 3006 est:
836 2939 1048 3027 „Agis
1098 2941 1375 3028 quidam
1428 2940 1749 3027 ArgivuS,
1816 2939 2433 3027 piissimorum
2486 2941 2867 3006 carminum

301 3043 460 3123 post
481 3035 879 3104 Choerilum
909 3038 1247 3118 conditor,
1275 3044 1342 3104 et
1369 3059 1454 3104 ex
1483 3037 1713 3105 Sicilia
1734 3036 2127 3104 Cleo—hic
2156 3037 2434 3126 quidem
2457 3058 2593 3102 non
2617 3038 2868 3124 ingenii

299 3135 526 3200 solum
562 3134 687 3201 sed
723 3135 926 3202 etiam
964 3136 1257 3202 nationis
1287 3137 1446 3202 vitio
1475 3137 1790 3202 adulator
1816 3173 1901 3180 —
1928 3138 1994 3201 et
2028 3138 2259 3201 cetera
2288 3135 2556 3201 urbium
2586 3155 2864 3202 suarum

299 3237 756 3320 purgamenta
790 3233 1195 3320 propinquis
1231 3234 1434 3299 etiarn
1474 3234 2074 3318 maximorumque
2109 3233 2534 3299 exercituum
2571 3234 2864 3299 ducibus

297 3349 338 3396 a
386 3350 547 3416 rege
598 3330 1216 3416 praeferebantur“.

391 3426 625 3506 Lauer,
698 3449 904 3517 quem
955 3433 1333 3517 sequuntur
1399 3434 1462 3495 et
1528 3429 1735 3494 ceteri
1794 3428 2093 3496 editores
2159 3433 2224 3494 et
2276 3427 2537 3515 Stangl,
2610 3429 2864 3508 scribit,

297 3527 919 3613 ‘pessimorum
955 3527 1375 3593 carminum’.
1460 3525 1615 3610 Qua
1665 3527 1751 3593 de
1796 3545 2026 3606 causa,
2078 3547 2215 3592 non
2268 3527 2612 3612 intellego.
2688 3526 2863 3592 Nam

297 3625 476 3689 mala
523 3625 630 3690 vel
682 3625 986 3711 pessima
1034 3625 1340 3692 carmina
1374 3631 1533 3692 sunt
1581 3626 1890 3692 carmina
1936 3629 2051 3691 aut
2096 3625 2327 3711 inepta
2361 3630 2475 3691 aut
2527 3625 2867 3711 probrosa

297 3721 498 3805 (Hor.
549 3728 654 3788 sat
715 3722 761 3787 ll
830 3727 880 3805 l,
945 3723 1090 3807 82).
1217 3721 1355 3789 Sed
1423 3724 1763 3810 probrosa
1828 3723 2130 3790 carmina
2197 3721 2584 3805 Choerilus,
2660 3727 2867 3809 poeta

297 3819 580 3899 aulicus,
633 3841 769 3886 non
820 3821 997 3886 fecit.
1086 3821 1174 3887 At
1223 3822 1454 3907 inepta
1504 3823 1810 3888 carmina
1859 3821 2070 3887 dicas.
2153 3821 2370 3888 lmmo
2408 3821 2865 3908 ineptissima;

297 3917 421 3983 sed
446 3937 631 4003 nego
662 3916 975 3985 Curtium
1005 3920 1138 3985 hoc
1167 3919 1448 4006 quidem
1469 3920 1626 3986 loco
1656 3920 1959 3986 iudicare
1987 3919 2290 3986 voluisse
2319 3921 2414 3985 de
2448 3919 2865 4004 elegantia

296 4014 677 4081 carminum
727 4021 842 4083 aut
886 4014 1186 4083 Choerili
1228 4022 1344 4083 aut
1385 4017 1650 4104 Agidis,
1735 4016 1908 4083 Nam
1962 4037 2044 4084 eo
2098 4022 2431 4104 tempore,
2483 4037 2641 4083 cum
2696 4015 2863 4103 Agis

296 4112 722 4180 Macedones
765 4115 1169 4181 cohortatus
1204 4120 1329 4198 est,
1381 4121 1453 4181 ut
1501 4136 1737 4202 regem
1782 4135 1983 4181 suum
2036 4117 2242 4181 deum
2294 4134 2449 4180 esse
2485 4115 2863 4196 crederent,

294 4209 456 4275 nihil
507 4212 750 4294 retulit,
802 4217 1030 4277 utrum
1066 4213 1370 4279 carmina
1417 4214 1565 4280 eius
1601 4218 1838 4280 essent
1869 4213 2235 4279 artificiosa
2284 4232 2367 4278 an
2414 4233 2550 4277 non
2610 4218 2863 4291 essent,

295 4309 420 4374 sed
471 4309 769 4376 maxime
821 4310 1063 4393 retulit,
1130 4311 1402 4398 qualem
1455 4316 1662 4399 poeta
1732 4311 1838 4378 ille
1902 4331 1977 4376 se
2042 4310 2472 4396 praebuisset
2531 4311 2863 4376 adversus

294 4405 788 4473 Alexandrum.
857 4407 1086 4496 ltaque
1137 4409 1202 4474 in
1255 4409 1440 4474 libris
1489 4410 1700 4476 credo
1737 4414 1922 4475 recte
1971 4408 2295 4475 traditum
2349 4427 2505 4475 esse
2548 4408 2865 4495 ‘piissi-

295 4523 628 4570 morum
680 4506 1103 4572 carminum'.
1200 4507 1590 4588 Vocabulis,
1642 4527 1818 4593 quae
1868 4513 2026 4572 sunt
2074 4506 2293 4593 ‘pius’,
2352 4506 2526 4593 ‘pie',
2578 4506 2862 4592 ‘pietas’,

293 4601 610 4688 'impius’,
677 4604 860 4690 apud
915 4601 1225 4670 Curtium
1295 4605 1701 4692 plerumque
1758 4605 2077 4671 voluntas
2142 4610 2207 4671 et
2273 4605 2543 4672 animus
2610 4604 2860 4670 civium
