3334 5292
1263 421 1706 484 —35—

299 595 723 684 Complures
757 597 891 662 iam
941 597 1260 664 homines
1311 597 1518 680 docti,
1569 598 1819 685 quibus
1870 599 2125 666 locutio
2177 598 2490 688 ‘tempori
2526 603 2775 667 rerum’

203 695 442 781 inepta
489 695 852 778 videretur,
903 699 1119 761 artem
1156 695 1462 762 criticam
1511 696 1577 761 in
1627 696 1732 763 his
1779 697 2009 764 verbis
2052 704 2523 765 exercuerunt.
2621 699 2774 788 Ieep

203 796 273 859 et
327 792 641 860 Hedicke
694 791 1008 860 Curtium
1067 793 1432 881 scripsisse
1483 799 1769 861 censent
1819 796 2135 862 'tenori
2199 799 2525 866 rerum’,
2636 797 2776 866 Sed

202 896 396 957 recte
447 891 688 957 Novak
738 892 938 979 (spic.
994 890 1185 959 Curt.
1222 911 1378 979 pag.
1416 894 1530 977 31)
1596 893 1927 959 admonet
1978 891 2292 961 Curtium
2360 899 2425 960 et
2489 916 2775 983 prorsus

201 989 554 1056 abstinere
603 989 1054 1071 substantiv0,
1106 990 1295 1076 quod
1347 994 1449 1056 est
1500 990 1734 1057 ‘tenor'
1774 995 1840 1057 et
1872 992 1978 1058 bis
2013 1012 2370 1079 opponere
2406 994 2777 1061 substanti-

200 1107 374 1152 vum
426 1087 734 1153 ‘animus'
784 1087 1214 1155 substantivo
1261 1089 1595 1174 ‘tempus’.
1661 1087 1833 1155 Vide
1862 1087 1965 1172 VI,
2004 1091 2203 1172 lO,2:
2260 1093 2657 1178 „quomodo
2709 1098 2775 1159 et

204 1187 501 1252 animo
571 1205 726 1251 meo
794 1190 860 1251 et
923 1186 1312 1272 tempori
1371 1188 1715 1271 paream.“
1812 1186 2158 1271 VIIl,22:
2243 1194 2357 1269 „ut
2407 1190 2645 1258 malles
2696 1211 2777 1256 ea

206 1284 599 1371 tempori
651 1287 889 1352 nostro
941 1284 1278 1370 imputare
1329 1304 1537 1371 quam
1603 1284 1961 1351 animo“.
2059 1285 2245 1352 Idem
2298 1285 2538 1354 Novak
2588 1293 2773 1354 recte

207 1383 494 1448 damnat
542 1380 784 1467 VogeIi
836 1380 1304 1447 coniecturam
1356 1385 1504 1448 ‘nec
1555 1383 1960 1469 tempori.
2078 1383 2391 1449 Verum
2443 1405 2699 1452 esse..
2739 1387 2773 1452 .'

206 1480 388 1545 Nam
441 1483 921 1567 praeterquam
973 1479 1161 1567 quod
1213 1479 1498 1562 dubium
1551 1484 1675 1562 est,
1742 1485 1966 1547 utrum
2034 1484 2312 1548 ‘verum’
2380 1483 2776 1550 coniunctio

208 1577 295 1644 sit
347 1597 432 1644 an
482 1577 918 1660 adiectivum,
970 1575 1268 1664 primum
1320 1577 1858 1644 concinnitatem
1907 1580 2145 1646 violari
2193 1580 2303 1662 ait,
2355 1580 2604 1648 deinde
2638 1581 2776 1648 vim

210 1675 584 1742 oratoriam
653 1675 861 1740 minui
927 1695 1060 1761 ego
1127 1674 1468 1758 existimo,
1535 1696 1710 1763 quae
1776 1676 2084 1743 similiter
2147 1682 2251 1745 est
2317 1678 2380 1743 in
2444 1680 2659 1746 verbo
2711 1680 2775 1744 in

211 1773 553 1860 prinprio
589 1773 967 1839 sententiae
1004 1774 1234 1859 posito
1270 1793 1350 1840 ac
1386 1772 1451 1838 X
1488 1777 1538 1856 1,
1577 1777 1687 1840 14:
1739 1795 1940 1841 esse
1992 1777 2175 1842 haud
2211 1777 2451 1863 procul
2487 1796 2526 1842 a
2558 1778 2777 1843 conti-

212 1871 398 1936 nenti
448 1871 762 1937 insulam.
882 1870 963 1936 IV
991 1873 1154 1952 2,4:
1223 1892 1423 1939 esse
1489 1874 1824 1959 templum
1878 1873 2196 1940 Herculis
2260 1879 2450 1940 extra
2499 1875 2776 1956 urbem;

213 1969 349 2034 VIII
372 1972 431 2052 3,
461 1973 565 2034 10:
603 1968 891 2035 nuntiari
922 2020 934 2033 .
967 2020 979 2034 .
1011 2021 1024 2033 .
1053 1970 1259 2052 iubet,
1296 1990 1532 2046 esse,
1569 1991 1745 2058 quae
1774 1992 1857 2037 ex
1884 1972 2034 2058 ipsa
2061 1972 2345 2039 deberet
2370 1992 2775 2059 agnoscere.

303 2067 661 2133 Hactenus
697 2068 946 2133 ducem
984 2087 1240 2154 sequor
1273 2068 1552 2151 Novak3
1589 2090 1729 2135 non
1766 2089 2021 2156 sequor
2054 2071 2373 2153 eundem,
2412 2071 2599 2158 quod
2636 2091 2776 2138 non

213 2165 532 2252 ‘tempus’
584 2165 708 2230 sed
761 2165 1056 2250 ‘tempus
1108 2167 1354 2231 rerum’
1408 2166 1589 2232 idem
1639 2159 1779 2232 fere
1814 2167 2038 2234 valere
2072 2169 2214 2233 vult
2246 2171 2451 2256 atque
2502 2168 2776 2235 ‘statum

211 2263 482 2345 rerum',
549 2282 901 2350 unumque
952 2264 1113 2329 iliud
1165 2268 1484 2330 constare
1533 2265 1739 2331 video
1805 2285 1933 2331 nec
2000 2265 2245 2332 mutari
2310 2266 2516 2334 licere
2584 2267 2778 2333 ‘tem-

211 2361 386 2448 pori’
437 2380 563 2426 nec
613 2360 900 2426 verbum
952 2360 1149 2427 ‘esse'
1201 2380 1239 2427 a
1289 2361 1512 2448 primo
1579 2363 1737 2428 loco
1790 2363 1853 2427 in
1906 2363 2359 2451 posteriorem
2426 2365 2584 2431 reici
2650 2386 2776 2432 nec

211 2479 295 2524 ex
347 2459 637 2539 ‘rerum’,
690 2459 801 2545 qui
852 2460 1212 2544 genetivus
1261 2459 1548 2526 vitiosus
1599 2466 1666 2526 et
1716 2461 1967 2528 inutilis
2018 2467 2141 2544 est,
2193 2463 2373 2528 atiud
2409 2462 2775 2550 quicquam

210 2557 364 2624 elici
415 2558 540 2622 nisi
591 2557 794 2622 alium
846 2557 1241 2642 genetivum
1293 2557 1700 2625 substantivi
1751 2559 2057 2642 alicuiuS,
2109 2561 2297 2648 quod
2348 2566 2505 2647 apte
2557 2581 2779 2648 oppo-

211 2661 410 2721 natur
442 2655 762 2742 genetivo
794 2654 1322 2721 ‘Macedonumfi
1399 2654 1909 2745 Comparenrus
1944 2657 2052 2724 Vll
2082 2661 2139 2739 7,
2178 2663 2287 2724 10:
2341 2657 2777 2741 ‘discrimen',

211 2753 448 2841 inquit,
502 2754 632 2820 ‘me
669 2753 1036 2841 occupavit
1074 2755 1355 2821 meliore
1407 2755 1801 2822 hostium
1854 2777 2057 2844 quarn
2096 2776 2281 2822 meo
2334 2757 2777 2845 tempore'.

211 2850 293 2917 Vl
334 2855 430 2935 10,
459 2855 532 2917 2:
570 2852 927 2939 quomodo
965 2856 1030 2918 et
1065 2853 1294 2918 animo
1331 2872 1517 2920 meo
1554 2858 1620 2920 et
1654 2855 2042 2942 tempori
2079 2874 2376 2942 paream.
2428 2853 2538 2920 VII
2575 2859 2625 2937 l,
2656 2856 2775 2920 22:

213 2961 283 3015 ut
322 2951 562 3016 malles
597 2969 678 3016 ea
727 2954 1110 3037 tempori
1163 2956 1479 3017 nostro
1530 2952 1867 3037 imputare
1904 2972 2109 3039 quarn
2146 2953 2397 3019 animo.
2466 2952 2627 3033 1115,
2668 2956 2777 3018 13:

214 3047 426 3115 Lenta
460 3047 762 3114 remedia
797 3051 862 3114 et
897 3067 1148 3133 segnes
1179 3049 1492 3115 medicos
1527 3070 1665 3115 non
1695 3054 2099 3137 exspectant
2136 3054 2214 3116 te
2237 3071 2301 3114 m
2324 3070 2367 3136 p
2389 3071 2430 3116 o
2454 3070 2538 3116 ra
2573 3071 2697 3116 me
2719 3071 2777 3116 a.

304 3146 488 3229 Quid
526 3146 766 3234 plura?
800 3147 1022 3232 probo
1059 3146 1204 3211 sine
1240 3146 1375 3212 uIIa
1409 3147 1855 3231 dubitatione,
1891 3147 1958 3213 id
1987 3149 2173 3235 quod
2205 3145 2442 3234 Stangl
2471 3147 2777 3235 scripsit:

218 3244 366 3311 ‘nec
403 3245 646 3310 animis
674 3243 1136 3310 Macedonum
1175 3245 1546 3311 convenire
1582 3265 1711 3311 nec
1748 3247 2042 3332 tempori
2078 3246 2397 3332 regum’.
2466 3243 2776 3332 ‘Regum’

214 3373 296 3396 =
367 3342 772 3428 ‘Mitglieder
852 3342 972 3407 der
1043 3342 1480 3429 koniglichen
1558 3342 1853 3410 Familie'
1928 3343 1996 3428 (i.
2051 3364 2106 3409 e.
2178 3346 2497 3426 βασιλέων
2563 3341 2776 3431 Soph.

215 3439 445 3526 Antig.
491 3442 706 3525 1172).

305 3538 615 3604 Heraeus
651 3539 735 3603 ad
771 3538 931 3604 Tac.
962 3539 1114 3604 hist.
1145 3538 1336 3605 1125:
1392 3539 1595 3619 „‘rex’
1618 3537 1974 3622 =‘Prinz',
2027 3539 2150 3605 wie
2186 3537 2301 3604 V9
2344 3558 2463 3605 rex
2498 3538 2781 3604 Partho-

217 3656 368 3701 rum
418 3635 788 3701 Pacorus“.
888 3634 1033 3703 Cic.
1071 3656 1214 3703 acc,
1267 3636 1331 3701 in
1383 3635 1664 3704 Verrem
1696 3636 1776 3703 IV
1803 3640 1924 3703 61:
1977 3657 2237 3724 reges
2289 3635 2545 3724 Syriae,
2597 3638 2789 3724 regis*

216 3732 536 3799 Antiochi
585 3733 760 3799 tilios
812 3754 1086 3822 pueros.
1186 3733 1330 3802 Cic.
1363 3733 1513 3802 Cat.
1544 3756 1631 3800 m.
1661 3737 1780 3801 59:
1836 3733 2095 3821 Cyrum
2133 3735 2491 3816 minorem,
2541 3732 2781 3802 Persa-

216 3851 364 3896 rum
415 3851 672 3918 regem.
727 3831 978 3918 Comp.
1031 3834 1234 3899 etiam
1290 3831 1478 3900 Curt.
1519 3833 1592 3899 III
1629 3836 1875 3916 l2,2l:
1929 3833 2247 3919 ‘virgines
2299 3833 2595 3920 reginae’
2649 3832 2779 3898 ‘die

211 3928 470 4016 jungen
523 3929 1096 3996 Prinzessinnen’.
1171 3930 1253 3996 IV
1289 3934 1488 4014 11‚3:
1545 3931 1955 4020 „pudicitiae
2007 3951 2263 4013 earum,
2316 3951 2489 4018 quae
2540 3946 2782 4018 super-

216 4032 392 4110 sunt,
443 4047 676 4094 curam
731 4029 912 4094 haud
948 4049 1154 4095 secus
1189 4048 1395 4116 quam
1447 4049 1698 4116 parens
1739 4051 1956 4118 agens
2007 4029 2354 4116 reginas
2404 4028 2779 4116 appellas“.

220 4123 364 4191 Hae
416 4125 733 4211 ‘reginae'
787 4132 945 4192 sunt
993 4129 1222 4194 aut-em
1275 4131 1493 4193 mater
1541 4132 1607 4193 et
1657 4128 1959 4214 virgines
2008 4127 2181 4193 filiae
2233 4124 2457 4192 Darei.

301 4221 409 4289 Ad
454 4228 839 4289 extremum
876 4225 1448 4291 commemorabo
1487 4223 1765 4312 pluralis
1814 4226 2210 4310 genetivum
2248 4225 2434 4290 iilum
2487 4224 2779 4306 ‘rerum’,

156 4330 162 4336 '
217 4321 426 4406 quiin
461 4322 566 4387 his
602 4322 903 4388 historiis
954 4321 1172 4388 milies
1223 4323 1541 4405 occurrit,
1592 4324 1915 4410 genetiVo
1962 4324 2167 4408 longe
2220 4322 2474 4406 rari0ri,
2526 4324 2639 4409 qui
2676 4328 2783 4389 est

224 4416 525 4506 ‘regum’,
577 4419 1022 4486 substitutum
1075 4441 1230 4487 esse
1281 4422 1344 4485 in
1397 4421 1553 4487 cod.
1591 4420 1660 4486 Ρ.
1701 4419 1896 4501 VII2,
1927 4422 2030 4484 22.

1291 4639 1716 4646 -ψ
