3334 5292
259 472 417 517 man
455 453 603 519 sich
639 455 750 520 aui
787 453 1368 522 Konstruktionen
1405 457 1529 522 wie
1564 456 1746 521 aliud
1783 455 2006 542 aliqua
2041 475 2111 522 re
2147 456 2431 522 berult.“
2483 456 2589 540 (V.
2621 459 2822 523 etiam

259 549 312 614 l3
345 551 556 636 praef.
593 551 746 637 §80
780 559 844 618 et
881 572 1036 641 app.
1075 554 1215 619 crit.
1253 554 1339 619 ad
1377 553 1506 637 112).
1603 551 1801 638 Quae
1852 554 2314 640 interpretatio
2353 574 2589 640 neque
2627 554 2826 621 Hart-

260 648 472 734 ungio
510 669 732 736 neque
769 647 1120 738 Stangelio
1157 651 1430 737 placuit.
1493 650 1969 735 Quamobrem
2007 651 2112 717 ille
2148 652 2509 737 proposuit
2545 652 2826 718 ‘nimis

259 753 682 833 praepotens
732 748 1040 830 viribus',
1107 769 1245 835 quo
1304 749 1632 815 adverbio
1686 747 1967 816 Curtius
2018 769 2357 836 nusquam
2411 751 2615 815 utitur
2635 771 2650 832 ;
2717 751 2825 816 hic

256 845 572 932 scripsit:
629 846 819 910 ‘nim
847 847 953 912 iis
989 851 1408 934 praepotens
1444 846 1744 929 viribus',
1783 847 1970 935 quod
2006 847 2419 913 adiectivum
2458 853 2618 914 octo
2656 848 2827 914 locis

265 944 540 1029 probari
591 948 840 1030 potest.
939 943 1077 1011 Sed
1113 964 1532 1032 quamquam
1578 946 2027 1031 pleonasmus
2062 964 2101 1011 a
2133 965 2456 1011 sermone
2494 942 2826 1012 Curtiano

265 1062 700 1129 nequaquam
752 1042 1074 1108 abhorret
1123 1045 1214 1126 (v.
1253 1043 1441 1108 addit
1492 1061 1649 1130 pag.
1687 1045 1769 1108 45
1799 1044 1953 1129 sq.),
2007 1047 2243 1108 tamen·-
2280 1040 2585 1128 Stangeli
2635 1044 2827 1110 coni-

270 1149 579 1206 ecturam
631 1159 1218 1227 supervacaneam
1270 1144 1474 1227 atque
1519 1141 1824 1206 inutilem
1861 1159 2017 1206 esse
2067 1140 2299 1206 cred0.
2395 1140 2570 1206 Nam
2623 1141 2829 1206 verba

272 1239 332 1302 in
381 1238 588 1304 codd.
641 1237 885 1303 tradita
933 1238 1232 1323 genuina
1281 1258 1437 1304 esse
1487 1257 1747 1305 censeo
1797 1243 1863 1304 et
1913 1238 2012 1304 sic
2064 1238 2509 1324 interpretor:

359 1335 488 1415 „Er
515 1335 754 1416 selbst‚
793 1336 916 1400 der
942 1336 1050 1401 bei
1077 1336 1297 1402 vielen
1326 1335 1934 1422 Truppeniiihrern
1963 1336 2182 1402 durch
2219 1356 2285 1400 m
2308 1356 2344 1402 e
2365 1336 2381 1400 i
2404 1357 2501 1402 ne
2538 1337 2829 1423 eignen

265 1432 461 1500 Stre
491 1435 862 1499 itkrafte
903 1433 1299 1519 allmachtig
1348 1433 1496 1499 ist“.
1596 1432 1866 1516 Quibus
1900 1433 2127 1500 verbis
2163 1433 2553 1500 Alexander
2601 1434 2831 1500 dicere

261 1534 403 1597 vult
440 1531 754 1598 Philotan
789 1531 994 1597 tantis
1030 1532 1272 1618 copiis,
1323 1551 1540 1619 quas
1577 1531 1772 1618 ipse
1808 1533 1881 1597 ei
1926 1531 2359 1614 dedisset,
2411 1533 2831 1618 permultum

265 1631 452 1718 apud
503 1634 774 1696 ceteros
827 1630 1042 1695 duces
1091 1631 1338 1696 valere.
1434 1628 1654 1697 Suas
1706 1629 1884 1696 vires
1934 1622 2324 1695 Alexander
2374 1630 2639 1716 optimo
2692 1630 2831 1695 iure

262 1729 565 1815 appellat
629 1747 934 1794 omnes
999 1727 1239 1813 copias
1304 1727 1447 1794 sive
1513 1726 1818 1794 Philotas
1882 1727 2025 1792 sive
2091 1727 2261 1818 alius
2326 1728 2424 1793 eis
2484 1732 2830 1814 praeerat,

261 1846 498 1913 comp.
535 1825 642 1890 Vll
678 1827 738 1905 3,
774 1827 834 1907 4,
888 1825 998 1890 ubi
1051 1825 1378 1910 legimus:
1466 1825 1598 1905 „lbi
1633 1826 1999 1906 exercituS,
2051 1824 2163 1911 qui
2214 1826 2341 1891 sub
2378 1825 2832 1892 Parmenione

261 1926 505 2005 luerat,
571 1923 888 1989 occurrit.
987 1921 1125 1990 Sex
1191 1923 1371 1989 milia
1421 1923 1882 2009 Macedonum
1942 1927 2132 1989 erant
2180 1927 2246 1988 et
2299 1945 2390 1990 cc
2452 1923 2718 1989 nobiles
2768 1930 2835 1990 et

265 2023 571 2110 quinque
621 2021 802 2086 milia
853 2018 1282 2087 Graecorum
1334 2041 1491 2087 cum
1543 2020 1887 2108 equitibus
1929 2041 2045 2102 De,
2096 2020 2279 2086 haud
2329 2020 2533 2087 dubie
2583 2021 2835 2087 robur

264 2120 656 2186 omnium
707 2119 1030 2184 virium
1084 2119 1384 2205 regis“.
2228 2143 2233 2148 ·

355 2217 808 2304 Perspicuum
877 2221 980 2283 est
1031 2216 1336 2283 Philotae
1403 2218 1677 2303 culpam
1743 2217 1978 2303 augeri
2028 2221 2093 2282 et
2144 2237 2480 2298 crescere,
2542 2217 2598 2282 si
2648 2216 2836 2282 Ale-

265 2337 434 2382 xan
458 2316 586 2380 dri
623 2315 864 2402 copiis,
902 2317 939 2380 i.
976 2335 1033 2380 e.
1071 2315 1189 2397 εἰς,
1242 2334 1414 2402 quas
1447 2314 1787 2381 Alexan
1811 2316 1960 2382 der
1993 2315 2151 2382 {idei
2187 2315 2361 2381 illius
2411 2314 2836 2401 permiserat,

271 2414 600 2492 conlisuS,
653 2415 949 2479 scelesta
999 2413 1288 2487 consilia
1338 2413 1401 2478 in
1452 2432 1686 2500 regem
1741 2413 1969 2479 inibat.
2067 2412 2297 2499 ltaque
2350 2413 2669 2479 consulto
2720 2432 2839 2478 rex

267 2513 460 2579 illum
496 2511 866 2578 ablativum
903 2529 1155 2576 causae
1207 2511 1400 2578 ‘meis
1434 2511 1711 2576 viribus’
1748 2512 2072 2578 attributo
2116 2510 2574 2597 ‘praepotens'
2626 2509 2836 2576 addit.

273 2611 429 2676 l·loc
510 2609 925 2676 adiectivum
1009 2630 1164 2676 non·
1227 2609 1675 2696 comperativi
1758 2610 1882 2676 sed
1954 2609 2346 2696 superlativi
2418 2608 2555 2673 vim
2631 2608 2835 2674 habet

270 2710 456 2774 haud
522 2727 728 2774 secus
795 2727 874 2775 ac
925 2707 1456 2796 ‘praegravis’,
1522 2707 1712 2795 quod
1776 2707 2191 2774 adiectivum
2257 2726 2475 2793 aeque
2541 2705 2836 2773 ablativo

268 2825 524 2873 causae
589 2806 1035 2874 coniunctum
1095 2805 1477 2872 cernimus:
1540 2804 1702 2887 1113,
1741 2807 1859 2871 27:
1922 2825 2048 2871 nec
2101 2805 2297 2893 turba
2362 2825 2487 2871 nec
2554 2804 2838 2870 sarcinis

270 2923 688 2991 praegrave;
740 2903 902 2969 Vllll
939 2909 1035 2984 10,
1064 2906 1183 2968 26:
1235 2923 1510 2970 currus.
1541 2953 1554 2968 .
1585 2904 1979 2990 ingentibus
2022 2902 2291 2988 poculis
2334 2902 2748 2990 praegravis.

1344 3064 1494 3145 VH
1531 3066 1593 3158 5,
1642 3065 1770 3144 28:

365 3198 671 3263 Tradunt
738 3197 943 3264 codd.
981 3197 1075 3262 A:
1145 3197 1599 3279 „Perventum
1662 3202 1804 3265 erat
1869 3197 1947 3262 in
2014 3198 2373 3284 parvulum
2435 3197 2838 3283 oppidum“.

275 3286 704 3382 Praepositio
723 3295 828 3360 ‘in'
845 3295 1115 3362 tolerari
1137 3316 1273 3362 non
1297 3295 1889 3382 potest,quoniam
1921 3295 1993 3360 in
2021 3296 2356 3383 oppidum
2374 3294 2839 3360 Alexandrum

276 3394 675 3481 pervenisse
742 3392 910 3459 infra
974 3394 1254 3459 demum
1324 3393 1617 3479 legimus
1667 3393 1747 3458 in
1797 3393 1982 3480 §372
2053 3413 2393 3481 „cumque
2450 3393 2550 3458 ad
2603 3391 2843 3456 urbem

275 3498 557 3557 ventum
609 3495 814 3571 esset,
866 3495 1013 3578 ipse
1048 3511 1205 3557 cum
1244 3490 1563 3578 expedita
1607 3509 1814 3556 manu
1851 3495 2120 3576 portam
2171 3491 2436 3557 intrat“.
2534 3488 2646 3557 Sic
2682 3509 2842 3564 cum

271 3590 559 3655 sentiret
610 3587 850 3674 Stangl
916 3609 1053 3655 non
1106 3588 1540 3655 ‘Perventum
1593 3593 1736 3655 erat
1786 3588 1885 3654 in'
2071 3589 2319 3669 edidit,
2384 3589 2508 3655 sed
2559 3586 2651 3652 ‘P.
2704 3590 2845 3652 erat

277 3687 378 3752 ad
409 3738 422 3751 .
454 3738 467 3751 .
497 3687 532 3774 .'
571 3755 574 3760 ,
630 3686 774 3752 Nec
811 3688 986 3753 ullus
1022 3692 1126 3754 est
1160 3687 1399 3754 similis
1433 3687 1650 3770 locus,
1704 3687 1815 3753 ubi
1853 3684 2135 3755 Curtius
2171 3687 2298 3753 alia
2332 3685 2844 3774 praepositione

277 3784 404 3849 nisi
459 3784 585 3850 ‘ad’
639 3790 898 3851 utatur:
951 3787 1276 3872 congessi
1327 3786 1559 3852 omnia
1607 3786 1927 3872 exempla
1976 3785 2039 3850 in
2090 3785 2299 3851 addit.
2352 3803 2509 3871 pag.
2545 3786 2650 3849 46.

369 3880 507 3949 Sed
544 3903 628 3948 ex
663 3883 1061 3949 coniectura
1097 3881 1401 3968 Stangeli
1439 3904 1576 3949 non
1628 3883 1972 3968 intelleg0,
2022 3882 2380 3970 quomodo
2425 3881 2844 3968 praepositio

281 3979 391 4044 ‘in’
443 4000 566 4066 pro
619 3979 747 4047 ‘ad'
801 3981 865 4045 in
917 3981 1200 4046 codices
1250 3982 1429 4047 illata
1478 3982 1582 4047 sit.
1674 3981 1903 4068 ltaque
1954 3980 2226 4046 conicio
2263 3978 2578 4047 Curtium
2630 3977 2847 4064 scrip·

283 4077 495 4144 sisse:
559 4076 1012 4157 „Perventum
1078 4082 1220 4144 erat
1269 4079 1459 4163 in<de
1509 4080 1630 4160 ad>
1686 4079 2042 4165 parvulum
2096 4077 2498 4164 oppidum“.
2586 4074 2849 4142 Adver-

285 4175 471 4240 bium
523 4177 923 4262 temporale,
993 4195 1412 4264 quamquam
1463 4177 1675 4244 verbo
1742 4177 1963 4263 primo
2024 4177 2181 4242 loco
2240 4175 2566 4241 circuitus
2616 4173 2846 4260 posito

277 4292 492 4360 saepe
527 4273 773 4342 abesse
808 4274 1005 4357 solet,
1049 4275 1163 4340 hic
1199 4275 1286 4340 ad
1321 4275 1793 4341 transitionem
1828 4273 2263 4360 aptissimum
2299 4273 2586 4354 videtur,
2628 4272 2846 4338 velut:

370 4369 532 4435 Vllll
567 4374 628 4454 4,
665 4373 783 4436 26:
831 4370 1287 4451 „Perventum
1322 4372 1645 4438 deinde
1681 4375 1785 4438 est
1818 4373 1904 4438 ad
1941 4371 2277 4459 oppidum
2315 4369 2847 4438 Sudracarum«.

371 4467 472 4534 Ne
522 4469 685 4535 illud
734 4470 1014 4557 quidem
1067 4470 1334 4536 silentio
1401 4469 2026 4557 praetermittemus
2091 4469 2467 4534 adverbum
2535 4468 2731 4533 ‘inde'
2784 4467 2847 4532 in

285 4566 496 4632 codd.
534 4567 786 4633 nostris
836 4568 940 4634 bis
974 4568 1225 4634 eodem
1263 4568 1475 4635 modo
1514 4567 1896 4633 mutilatum
1941 4587 2132 4633 esse:
2183 4566 2239 4631 V
2268 4568 2327 4647 5,
2355 4568 2430 4631 8:
2486 4570 2593 4646 „et
2626 4569 2850 4630 castra
