<?xml version="1.0" encoding="UTF-8"?>
<!DOCTYPE html PUBLIC "-//W3C//DTD XHTML 1.0 Transitional//EN"
    "http://www.w3.org/TR/xhtml1/DTD/xhtml1-transitional.dtd">
<html xmlns="http://www.w3.org/1999/xhtml" xml:lang="en" lang="en">
 <head>
  <title>
</title>
<meta http-equiv="Content-Type" content="text/html;charset=utf-8" />
  <meta name='ocr-system' content='tesseract 3.04.00' />
  <meta name='ocr-capabilities' content='ocr_page ocr_carea ocr_par ocr_line ocrx_word'/>
</head>
<body>
  <div class='ocr_page' id='page_1' title='image "./quaestionescurt00btgoog_0005.png"; bbox 0 0 3334 5292; ppageno 0'>
   <div class='ocr_carea' id='block_1_1' title="bbox 2216 743 2586 779">
    <p class='ocr_par' dir='ltr' id='par_1_1' title="bbox 2216 743 2586 779">
     <span class='ocr_line' id='line_1_1' title="bbox 2232 743 2367 763; baseline 0 -6"><span class='ocrx_word' id='word_1_1' title='bbox 2232 745 2244 757; x_wconf 69' lang='lat' dir='ltr'><em>J</em></span> <span class='ocrx_word' id='word_1_2' title='bbox 2280 743 2295 751; x_wconf 63' lang='lat'><strong>*¹¹</strong></span> <span class='ocrx_word' id='word_1_3' title='bbox 2330 743 2367 763; x_wconf 46' lang='lat'><strong>4⁶</strong></span> 
     </span>
     <span class='ocr_line' id='line_1_2' title="bbox 2216 760 2586 779; baseline 0.008 -3"><span class='ocrx_word' id='word_1_4' title='bbox 2216 769 2220 776; x_wconf 55' lang='lat'><em>⁶</em></span> <span class='ocrx_word' id='word_1_5' title='bbox 2277 764 2295 779; x_wconf 77' lang='grc' dir='ltr'><strong>υ</strong></span> <span class='ocrx_word' id='word_1_6' title='bbox 2353 760 2586 779; x_wconf 63' lang='grc' dir='ltr'><strong>ΟΟΟΟ</strong></span> 
     </span>
    </p>
   </div>
   <div class='ocr_carea' id='block_1_2' title="bbox 369 1553 2925 1874">
    <p class='ocr_par' dir='ltr' id='par_1_2' title="bbox 369 1553 2925 1874">
     <span class='ocr_line' id='line_1_3' title="bbox 369 1553 2925 1798; baseline 0 -142"><span class='ocrx_word' id='word_1_7' title='bbox 369 1569 512 1798; x_wconf 84' lang='lat' dir='ltr'><strong>lN</strong></span> <span class='ocrx_word' id='word_1_8' title='bbox 541 1587 992 1658; x_wconf 87' lang='lat' dir='ltr'><strong>Perroneanis</strong></span> <span class='ocrx_word' id='word_1_9' title='bbox 1027 1597 1093 1658; x_wconf 90' lang='lat' dir='ltr'><strong>et</strong></span> <span class='ocrx_word' id='word_1_10' title='bbox 1109 1581 1420 1658; x_wconf 56' lang='lat' dir='ltr'><strong>&#39;Thuanis</strong></span> <span class='ocrx_word' id='word_1_11' title='bbox 1449 1589 1818 1678; x_wconf 92' lang='lat' dir='ltr'><strong>(Coloniae</strong></span> <span class='ocrx_word' id='word_1_12' title='bbox 1846 1565 2272 1677; x_wconf 80' lang='lat' dir='ltr'>Agrippinae</span> <span class='ocrx_word' id='word_1_13' title='bbox 2306 1592 2499 1676; x_wconf 80' lang='lat'>1694)</span> <span class='ocrx_word' id='word_1_14' title='bbox 2537 1591 2623 1656; x_wconf 92' lang='lat' dir='ltr'><strong>de</strong></span> <span class='ocrx_word' id='word_1_15' title='bbox 2652 1553 2925 1674; x_wconf 87' lang='lat' dir='ltr'><strong>Quinto</strong></span> 
     </span>
     <span class='ocr_line' id='line_1_4' title="bbox 501 1686 2913 1776; baseline -0 -21"><span class='ocrx_word' id='word_1_16' title='bbox 501 1686 740 1756; x_wconf 91' lang='lat' dir='ltr'><strong>Curtio</strong></span> <span class='ocrx_word' id='word_1_17' title='bbox 785 1689 957 1757; x_wconf 79' lang='lat' dir='ltr'><strong>Rufo</strong></span> <span class='ocrx_word' id='word_1_18' title='bbox 1008 1692 1142 1757; x_wconf 87' lang='lat' dir='ltr'><strong>hoc</strong></span> <span class='ocrx_word' id='word_1_19' title='bbox 1193 1689 1520 1756; x_wconf 92' lang='lat' dir='ltr'><strong>iudicium</strong></span> <span class='ocrx_word' id='word_1_20' title='bbox 1571 1709 1657 1755; x_wconf 91' lang='lat' dir='ltr'><strong>ex</strong></span> <span class='ocrx_word' id='word_1_21' title='bbox 1707 1709 1984 1754; x_wconf 92' lang='lat' dir='ltr'><strong>summo</strong></span> <span class='ocrx_word' id='word_1_22' title='bbox 2035 1689 2266 1755; x_wconf 92' lang='lat' dir='ltr'><strong>studio</strong></span> <span class='ocrx_word' id='word_1_23' title='bbox 2316 1690 2703 1776; x_wconf 74' lang='lat' dir='ltr'><strong>profectum</strong></span> <span class='ocrx_word' id='word_1_24' title='bbox 2747 1690 2913 1776; x_wconf 92' lang='lat' dir='ltr'><strong>legi-</strong></span> 
     </span>
     <span class='ocr_line' id='line_1_5' title="bbox 500 1785 2912 1874; baseline 0 -22"><span class='ocrx_word' id='word_1_25' title='bbox 500 1807 688 1852; x_wconf 87' lang='lat' dir='ltr'>mus:</span> <span class='ocrx_word' id='word_1_26' title='bbox 743 1786 1020 1870; x_wconf 77' lang='lat' dir='ltr'><strong>‘Quinte</strong></span> <span class='ocrx_word' id='word_1_27' title='bbox 1055 1785 1284 1854; x_wconf 92' lang='lat' dir='ltr'><strong>Curce</strong></span> <span class='ocrx_word' id='word_1_28' title='bbox 1337 1791 1441 1852; x_wconf 92' lang='lat' dir='ltr'><strong>est</strong></span> <span class='ocrx_word' id='word_1_29' title='bbox 1490 1787 1550 1852; x_wconf 93' lang='lat' dir='ltr'><strong>le</strong></span> <span class='ocrx_word' id='word_1_30' title='bbox 1593 1785 1891 1874; x_wconf 83' lang='lat' dir='ltr'>premier</span> <span class='ocrx_word' id='word_1_31' title='bbox 1940 1786 2027 1852; x_wconf 94' lang='lat' dir='ltr'><strong>de</strong></span> <span class='ocrx_word' id='word_1_32' title='bbox 2077 1786 2139 1853; x_wconf 91' lang='lat' dir='ltr'><strong>la</strong></span> <span class='ocrx_word' id='word_1_33' title='bbox 2182 1785 2487 1868; x_wconf 83' lang='lat' dir='ltr'><strong>Latinite,</strong></span> <span class='ocrx_word' id='word_1_34' title='bbox 2537 1785 2594 1852; x_wconf 90' lang='lat' dir='ltr'><strong>si</strong></span> <span class='ocrx_word' id='word_1_35' title='bbox 2645 1787 2805 1874; x_wconf 92' lang='lat' dir='ltr'><strong>poli,</strong></span> <span class='ocrx_word' id='word_1_36' title='bbox 2854 1788 2912 1853; x_wconf 88' lang='lat' dir='ltr'><strong>si</strong></span> 
     </span>
    </p>
   </div>
   <div class='ocr_carea' id='block_1_3' title="bbox 356 1884 3021 1972">
    <p class='ocr_par' dir='ltr' id='par_1_3' title="bbox 356 1884 3021 1972">
     <span class='ocr_line' id='line_1_6' title="bbox 356 1884 3021 1972; baseline 0 -23"><span class='ocrx_word' id='word_1_37' title='bbox 356 1888 558 1966; x_wconf 89' lang='lat' dir='ltr'><strong>terse,</strong></span> <span class='ocrx_word' id='word_1_38' title='bbox 625 1890 692 1952; x_wconf 91' lang='lat' dir='ltr'><strong>et</strong></span> <span class='ocrx_word' id='word_1_39' title='bbox 740 1891 844 1952; x_wconf 92' lang='lat' dir='ltr'><strong>est</strong></span> <span class='ocrx_word' id='word_1_40' title='bbox 893 1885 948 1951; x_wconf 92' lang='lat' dir='ltr'><strong>si</strong></span> <span class='ocrx_word' id='word_1_41' title='bbox 998 1885 1374 1953; x_wconf 85' lang='lat' dir='ltr'>admirable</span> <span class='ocrx_word' id='word_1_42' title='bbox 1423 1886 1626 1972; x_wconf 90' lang='lat' dir='ltr'><strong>qu&#39;en</strong></span> <span class='ocrx_word' id='word_1_43' title='bbox 1678 1904 1791 1950; x_wconf 92' lang='lat' dir='ltr'><strong>ses</strong></span> <span class='ocrx_word' id='word_1_44' title='bbox 1842 1884 2178 1950; x_wconf 90' lang='lat' dir='ltr'><strong>subtilites</strong></span> <span class='ocrx_word' id='word_1_45' title='bbox 2230 1885 2269 1950; x_wconf 91' lang='lat' dir='ltr'><strong>il</strong></span> <span class='ocrx_word' id='word_1_46' title='bbox 2320 1890 2422 1951; x_wconf 92' lang='lat' dir='ltr'><strong>est</strong></span> <span class='ocrx_word' id='word_1_47' title='bbox 2470 1886 2685 1968; x_wconf 75' lang='lat' dir='ltr'><strong>facile,</strong></span> <span class='ocrx_word' id='word_1_48' title='bbox 2752 1886 2913 1953; x_wconf 90' lang='lat' dir='ltr'><strong>clair</strong></span> <span class='ocrx_word' id='word_1_49' title='bbox 3011 1957 3021 1966; x_wconf 55' lang='lat'><strong>‚</strong></span> 
     </span>
    </p>
   </div>
   <div class='ocr_carea' id='block_1_4' title="bbox 348 1981 2929 2657">
    <p class='ocr_par' dir='ltr' id='par_1_4' title="bbox 348 1981 2929 2657">
     <span class='ocr_line' id='line_1_7' title="bbox 355 1981 2913 2070; baseline 0.001 -22"><span class='ocrx_word' id='word_1_50' title='bbox 355 1986 419 2048; x_wconf 91' lang='lat' dir='ltr'><strong>et</strong></span> <span class='ocrx_word' id='word_1_51' title='bbox 454 1981 910 2069; x_wconf 90' lang='lat' dir='ltr'><strong>intellegible&#39;.</strong></span> <span class='ocrx_word' id='word_1_52' title='bbox 983 1981 1111 2050; x_wconf 91' lang='lat' dir='ltr'><strong>Cui</strong></span> <span class='ocrx_word' id='word_1_53' title='bbox 1147 1983 1329 2050; x_wconf 90' lang='lat' dir='ltr'><strong>laudi</strong></span> <span class='ocrx_word' id='word_1_54' title='bbox 1364 2002 1678 2060; x_wconf 86' lang='lat' dir='ltr'><strong>summae</strong></span> <span class='ocrx_word' id='word_1_55' title='bbox 1715 2001 2132 2070; x_wconf 90' lang='lat' dir='ltr'><strong>quamquam</strong></span> <span class='ocrx_word' id='word_1_56' title='bbox 2170 2003 2300 2048; x_wconf 90' lang='lat' dir='ltr'><strong>nos</strong></span> <span class='ocrx_word' id='word_1_57' title='bbox 2335 2003 2473 2048; x_wconf 90' lang='lat' dir='ltr'><strong>non</strong></span> <span class='ocrx_word' id='word_1_58' title='bbox 2510 1984 2711 2070; x_wconf 89' lang='lat' dir='ltr'><strong>plane</strong></span> <span class='ocrx_word' id='word_1_59' title='bbox 2746 2005 2913 2050; x_wconf 91' lang='lat' dir='ltr'><strong>con-</strong></span> 
     </span>
     <span class='ocr_line' id='line_1_8' title="bbox 350 2078 2910 2167; baseline 0 -21"><span class='ocrx_word' id='word_1_60' title='bbox 350 2081 706 2163; x_wconf 85' lang='lat' dir='ltr'><strong>sentimus,</strong></span> <span class='ocrx_word' id='word_1_61' title='bbox 758 2085 986 2148; x_wconf 89' lang='lat' dir='ltr'><strong>tamen</strong></span> <span class='ocrx_word' id='word_1_62' title='bbox 1023 2102 1162 2147; x_wconf 94' lang='lat' dir='ltr'><strong>non</strong></span> <span class='ocrx_word' id='word_1_63' title='bbox 1203 2080 1346 2147; x_wconf 80' lang='lat' dir='ltr'><strong>lieri</strong></span> <span class='ocrx_word' id='word_1_64' title='bbox 1382 2084 1630 2167; x_wconf 94' lang='lat' dir='ltr'><strong>potest,</strong></span> <span class='ocrx_word' id='word_1_65' title='bbox 1684 2079 1845 2167; x_wconf 92' lang='lat' dir='ltr'><strong>quin</strong></span> <span class='ocrx_word' id='word_1_66' title='bbox 1881 2100 2203 2146; x_wconf 92' lang='lat' dir='ltr'><strong>sermone</strong></span> <span class='ocrx_word' id='word_1_67' title='bbox 2242 2078 2432 2147; x_wconf 90' lang='lat' dir='ltr'><strong>Curti</strong></span> <span class='ocrx_word' id='word_1_68' title='bbox 2466 2082 2910 2148; x_wconf 86' lang='lat' dir='ltr'><strong>delectemur.</strong></span> 
     </span>
     <span class='ocr_line' id='line_1_9' title="bbox 349 2177 2913 2267; baseline 0.001 -24"><span class='ocrx_word' id='word_1_69' title='bbox 349 2177 526 2244; x_wconf 92' lang='lat' dir='ltr'><strong>Nam</strong></span> <span class='ocrx_word' id='word_1_70' title='bbox 606 2181 714 2248; x_wconf 91' lang='lat' dir='ltr'><strong>hic</strong></span> <span class='ocrx_word' id='word_1_71' title='bbox 795 2180 1093 2267; x_wconf 85' lang='lat' dir='ltr'>scriptor</span> <span class='ocrx_word' id='word_1_72' title='bbox 1170 2178 1706 2245; x_wconf 86' lang='lat' dir='ltr'><strong>concinnitatem</strong></span> <span class='ocrx_word' id='word_1_73' title='bbox 1788 2181 1853 2247; x_wconf 85' lang='lat' dir='ltr'><strong>et</strong></span> <span class='ocrx_word' id='word_1_74' title='bbox 1940 2178 2503 2264; x_wconf 84' lang='lat' dir='ltr'><strong>perspicuitatem</strong></span> <span class='ocrx_word' id='word_1_75' title='bbox 2582 2180 2913 2247; x_wconf 90' lang='lat' dir='ltr'><strong>orationis</strong></span> 
     </span>
     <span class='ocr_line' id='line_1_10' title="bbox 351 2273 2929 2362; baseline 0 -20"><span class='ocrx_word' id='word_1_76' title='bbox 351 2273 850 2344; x_wconf 85' lang='lat' dir='ltr'><strong>Ciceronianae</strong></span> <span class='ocrx_word' id='word_1_77' title='bbox 916 2278 1271 2343; x_wconf 88' lang='lat' dir='ltr'><strong>exornavit</strong></span> <span class='ocrx_word' id='word_1_78' title='bbox 1343 2275 1501 2341; x_wconf 90' lang='lat' dir='ltr'><strong>novi</strong></span> <span class='ocrx_word' id='word_1_79' title='bbox 1565 2275 1841 2362; x_wconf 91' lang='lat' dir='ltr'><strong>generis</strong></span> <span class='ocrx_word' id='word_1_80' title='bbox 1907 2276 2181 2342; x_wconf 88' lang='lat' dir='ltr'><strong>dicendi</strong></span> <span class='ocrx_word' id='word_1_81' title='bbox 2239 2275 2630 2342; x_wconf 86' lang='lat' dir='ltr'><strong>luminibus.</strong></span> <span class='ocrx_word' id='word_1_82' title='bbox 2731 2275 2929 2344; x_wconf 87' lang='lat' dir='ltr'><strong>Cum·</strong></span> 
     </span>
     <span class='ocr_line' id='line_1_11' title="bbox 348 2373 2913 2461; baseline 0.001 -21"><span class='ocrx_word' id='word_1_83' title='bbox 348 2374 860 2442; x_wconf 91' lang='lat' dir='ltr'><strong>oblectamento</strong></span> <span class='ocrx_word' id='word_1_84' title='bbox 900 2375 1043 2440; x_wconf 81' lang='lat' dir='ltr'><strong>fluit</strong></span> <span class='ocrx_word' id='word_1_85' title='bbox 1085 2374 1230 2442; x_wconf 91' lang='lat' dir='ltr'><strong>eius</strong></span> <span class='ocrx_word' id='word_1_86' title='bbox 1273 2394 1526 2456; x_wconf 92' lang='lat' dir='ltr'><strong>sermo,</strong></span> <span class='ocrx_word' id='word_1_87' title='bbox 1570 2374 1683 2461; x_wconf 94' lang='lat' dir='ltr'><strong>qui</strong></span> <span class='ocrx_word' id='word_1_88' title='bbox 1727 2373 1921 2461; x_wconf 85' lang='lat' dir='ltr'><strong>quasi</strong></span> <span class='ocrx_word' id='word_1_89' title='bbox 1964 2374 2234 2440; x_wconf 88' lang='lat' dir='ltr'><strong>medius</strong></span> <span class='ocrx_word' id='word_1_90' title='bbox 2277 2378 2380 2440; x_wconf 92' lang='lat' dir='ltr'><strong>est</strong></span> <span class='ocrx_word' id='word_1_91' title='bbox 2424 2374 2595 2440; x_wconf 92' lang='lat' dir='ltr'><strong>inter</strong></span> <span class='ocrx_word' id='word_1_92' title='bbox 2631 2373 2913 2442; x_wconf 90' lang='lat' dir='ltr'><strong>Cicero-</strong></span> 
     </span>
     <span class='ocr_line' id='line_1_12' title="bbox 351 2471 2908 2560; baseline 0 -23"><span class='ocrx_word' id='word_1_93' title='bbox 351 2492 507 2538; x_wconf 91' lang='lat' dir='ltr'><strong>nem</strong></span> <span class='ocrx_word' id='word_1_94' title='bbox 560 2477 627 2539; x_wconf 92' lang='lat' dir='ltr'><strong>et</strong></span> <span class='ocrx_word' id='word_1_95' title='bbox 676 2473 988 2540; x_wconf 88' lang='lat' dir='ltr'><strong>Tacitum</strong></span> <span class='ocrx_word' id='word_1_96' title='bbox 1051 2477 1256 2560; x_wconf 90' lang='lat' dir='ltr'><strong>atque</strong></span> <span class='ocrx_word' id='word_1_97' title='bbox 1321 2471 1697 2538; x_wconf 89' lang='lat' dir='ltr'><strong>claritatem</strong></span> <span class='ocrx_word' id='word_1_98' title='bbox 1765 2471 2129 2538; x_wconf 89' lang='lat' dir='ltr'><strong>dulcedine</strong></span> <span class='ocrx_word' id='word_1_99' title='bbox 2187 2472 2563 2559; x_wconf 88' lang='lat' dir='ltr'><strong>coniungit.</strong></span> <span class='ocrx_word' id='word_1_100' title='bbox 2653 2471 2792 2540; x_wconf 91' lang='lat' dir='ltr'><strong>Sed</strong></span> <span class='ocrx_word' id='word_1_101' title='bbox 2844 2474 2908 2538; x_wconf 90' lang='lat' dir='ltr'><strong>in</strong></span> 
     </span>
     <span class='ocr_line' id='line_1_13' title="bbox 351 2569 2910 2657; baseline 0 -21"><span class='ocrx_word' id='word_1_102' title='bbox 351 2570 710 2637; x_wconf 89' lang='lat' dir='ltr'><strong>codicibus</strong></span> <span class='ocrx_word' id='word_1_103' title='bbox 746 2570 895 2638; x_wconf 91' lang='lat' dir='ltr'><strong>illae</strong></span> <span class='ocrx_word' id='word_1_104' title='bbox 931 2570 1289 2656; x_wconf 89' lang='lat' dir='ltr'><strong>scriptoris</strong></span> <span class='ocrx_word' id='word_1_105' title='bbox 1322 2569 1608 2636; x_wconf 89' lang='lat' dir='ltr'><strong>virtutes</strong></span> <span class='ocrx_word' id='word_1_106' title='bbox 1641 2589 2149 2657; x_wconf 89' lang='lat' dir='ltr'><strong>saepenumero</strong></span> <span class='ocrx_word' id='word_1_107' title='bbox 2179 2569 2244 2635; x_wconf 91' lang='lat' dir='ltr'><strong>in</strong></span> <span class='ocrx_word' id='word_1_108' title='bbox 2273 2571 2682 2657; x_wconf 88' lang='lat' dir='ltr'><strong>corruptelis</strong></span> <span class='ocrx_word' id='word_1_109' title='bbox 2719 2591 2910 2637; x_wconf 90' lang='lat' dir='ltr'><strong>men-</strong></span> 
     </span>
    </p>
   </div>
   <div class='ocr_carea' id='block_1_5' title="bbox 238 2667 2912 2756">
    <p class='ocr_par' dir='ltr' id='par_1_5' title="bbox 238 2667 2912 2756">
     <span class='ocr_line' id='line_1_14' title="bbox 238 2667 2912 2756; baseline 0 -22"><span class='ocrx_word' id='word_1_110' title='bbox 238 2671 251 2680; x_wconf 80' lang='grc'><strong>“</strong></span> <span class='ocrx_word' id='word_1_111' title='bbox 351 2668 592 2756; x_wconf 91' lang='lat' dir='ltr'><strong>disque</strong></span> <span class='ocrx_word' id='word_1_112' title='bbox 626 2689 665 2736; x_wconf 90' lang='lat' dir='ltr'><strong>a</strong></span> <span class='ocrx_word' id='word_1_113' title='bbox 700 2668 984 2735; x_wconf 90' lang='lat' dir='ltr'><strong>librariis</strong></span> <span class='ocrx_word' id='word_1_114' title='bbox 1020 2667 1216 2734; x_wconf 90' lang='lat' dir='ltr'><strong>illatis</strong></span> <span class='ocrx_word' id='word_1_115' title='bbox 1252 2669 1566 2735; x_wconf 90' lang='lat' dir='ltr'><strong>occultae</strong></span> <span class='ocrx_word' id='word_1_116' title='bbox 1602 2668 1831 2734; x_wconf 90' lang='lat' dir='ltr'><strong>latent.</strong></span> <span class='ocrx_word' id='word_1_117' title='bbox 1885 2668 2113 2754; x_wconf 90' lang='lat' dir='ltr'><strong>ltaque</strong></span> <span class='ocrx_word' id='word_1_118' title='bbox 2150 2668 2275 2734; x_wconf 91' lang='lat' dir='ltr'><strong>illis</strong></span> <span class='ocrx_word' id='word_1_119' title='bbox 2300 2669 2460 2734; x_wconf 89' lang='lat' dir='ltr'><strong>viris</strong></span> <span class='ocrx_word' id='word_1_120' title='bbox 2491 2669 2912 2736; x_wconf 86' lang='lat' dir='ltr'><strong>doctissimis</strong></span> 
     </span>
    </p>
   </div>
   <div class='ocr_carea' id='block_1_6' title="bbox 279 2765 2912 4810">
    <p class='ocr_par' dir='ltr' id='par_1_6' title="bbox 279 2765 2912 4224">
     <span class='ocr_line' id='line_1_15' title="bbox 279 2765 2912 2854; baseline 0 -22"><span class='ocrx_word' id='word_1_121' title='bbox 279 2779 288 2787; x_wconf 83' lang='grc'><strong><em>’</em></strong></span> <span class='ocrx_word' id='word_1_122' title='bbox 349 2770 414 2832; x_wconf 89' lang='lat' dir='ltr'><strong>et</strong></span> <span class='ocrx_word' id='word_1_123' title='bbox 451 2765 1014 2854; x_wconf 88' lang='lat' dir='ltr'><strong>praeclarissimis</strong></span> <span class='ocrx_word' id='word_1_124' title='bbox 1051 2766 1351 2832; x_wconf 88' lang='lat' dir='ltr'><strong>maxima</strong></span> <span class='ocrx_word' id='word_1_125' title='bbox 1389 2766 1608 2852; x_wconf 92' lang='lat' dir='ltr'><strong>gratia</strong></span> <span class='ocrx_word' id='word_1_126' title='bbox 1641 2766 1961 2832; x_wconf 90' lang='lat' dir='ltr'><strong>habenda</strong></span> <span class='ocrx_word' id='word_1_127' title='bbox 2002 2771 2125 2846; x_wconf 91' lang='lat' dir='ltr'><strong>est,</strong></span> <span class='ocrx_word' id='word_1_128' title='bbox 2178 2766 2291 2852; x_wconf 85' lang='lat' dir='ltr'><strong>qui</strong></span> <span class='ocrx_word' id='word_1_129' title='bbox 2323 2785 2499 2853; x_wconf 91' lang='lat' dir='ltr'><strong>quae</strong></span> <span class='ocrx_word' id='word_1_130' title='bbox 2536 2767 2704 2832; x_wconf 89' lang='lat' dir='ltr'><strong>ratio</strong></span> <span class='ocrx_word' id='word_1_131' title='bbox 2742 2767 2912 2834; x_wconf 90' lang='lat' dir='ltr'><strong>inter</strong></span> 
     </span>
     <span class='ocr_line' id='line_1_16' title="bbox 349 2863 2910 2951; baseline -0 -20"><span class='ocrx_word' id='word_1_132' title='bbox 349 2865 632 2931; x_wconf 91' lang='lat' dir='ltr'><strong>codices</strong></span> <span class='ocrx_word' id='word_1_133' title='bbox 683 2864 1156 2944; x_wconf 90' lang='lat' dir='ltr'><strong>intercederet,</strong></span> <span class='ocrx_word' id='word_1_134' title='bbox 1225 2865 1659 2951; x_wconf 90' lang='lat' dir='ltr'><strong>exquirerent</strong></span> <span class='ocrx_word' id='word_1_135' title='bbox 1724 2868 1790 2930; x_wconf 90' lang='lat' dir='ltr'><strong>et</strong></span> <span class='ocrx_word' id='word_1_136' title='bbox 1837 2864 2208 2950; x_wconf 88' lang='lat' dir='ltr'><strong>genuinam</strong></span> <span class='ocrx_word' id='word_1_137' title='bbox 2261 2863 2627 2930; x_wconf 90' lang='lat' dir='ltr'><strong>lectionem</strong></span> <span class='ocrx_word' id='word_1_138' title='bbox 2681 2865 2910 2930; x_wconf 91' lang='lat' dir='ltr'><strong>multis</strong></span> 
     </span>
     <span class='ocr_line' id='line_1_17' title="bbox 348 2961 2910 3050; baseline 0.001 -24"><span class='ocrx_word' id='word_1_139' title='bbox 348 2962 522 3029; x_wconf 91' lang='lat' dir='ltr'><strong>locis</strong></span> <span class='ocrx_word' id='word_1_140' title='bbox 571 2962 1022 3031; x_wconf 91' lang='lat' dir='ltr'><strong>restituerent.</strong></span> <span class='ocrx_word' id='word_1_141' title='bbox 1111 2961 1488 3048; x_wconf 86' lang='lat' dir='ltr'><strong>Praecipua</strong></span> <span class='ocrx_word' id='word_1_142' title='bbox 1551 2962 1699 3028; x_wconf 90' lang='lat' dir='ltr'><strong>laus</strong></span> <span class='ocrx_word' id='word_1_143' title='bbox 1764 2962 2051 3028; x_wconf 90' lang='lat' dir='ltr'><strong>debetur</strong></span> <span class='ocrx_word' id='word_1_144' title='bbox 2100 2961 2512 3044; x_wconf 89' lang='lat' dir='ltr'><strong>Muetzellio,</strong></span> <span class='ocrx_word' id='word_1_145' title='bbox 2562 2961 2910 3050; x_wconf 89' lang='lat' dir='ltr'><strong>Zumpti0‚</strong></span> 
     </span>
     <span class='ocr_line' id='line_1_18' title="bbox 351 3057 2912 3146; baseline 0 -22"><span class='ocrx_word' id='word_1_146' title='bbox 351 3059 712 3144; x_wconf 85' lang='lat' dir='ltr'><strong>Hedickio,</strong></span> <span class='ocrx_word' id='word_1_147' title='bbox 764 3057 1366 3146; x_wconf 88' lang='lat' dir='ltr'><strong>Theod.Vogelio,</strong></span> <span class='ocrx_word' id='word_1_148' title='bbox 1418 3059 1576 3126; x_wconf 93' lang='lat' dir='ltr'><strong>Max</strong></span> <span class='ocrx_word' id='word_1_149' title='bbox 1611 3057 2019 3141; x_wconf 90' lang='lat' dir='ltr'><strong>Schmidti0,</strong></span> <span class='ocrx_word' id='word_1_150' title='bbox 2072 3059 2453 3140; x_wconf 87' lang='lat' dir='ltr'><strong>Damsteio,</strong></span> <span class='ocrx_word' id='word_1_151' title='bbox 2504 3059 2618 3146; x_wconf 93' lang='lat' dir='ltr'><strong>qui</strong></span> <span class='ocrx_word' id='word_1_152' title='bbox 2652 3061 2912 3127; x_wconf 79' lang='lat' dir='ltr'><strong>fructus</strong></span> 
     </span>
     <span class='ocr_line' id='line_1_19' title="bbox 349 3155 2910 3245; baseline -0 -21"><span class='ocrx_word' id='word_1_153' title='bbox 349 3157 581 3245; x_wconf 91' lang='lat' dir='ltr'><strong>operis</strong></span> <span class='ocrx_word' id='word_1_154' title='bbox 631 3163 696 3224; x_wconf 91' lang='lat' dir='ltr'><strong>et</strong></span> <span class='ocrx_word' id='word_1_155' title='bbox 745 3157 1142 3244; x_wconf 88' lang='lat' dir='ltr'><strong>sagacitatis</strong></span> <span class='ocrx_word' id='word_1_156' title='bbox 1198 3177 1363 3224; x_wconf 91' lang='lat' dir='ltr'><strong>suae</strong></span> <span class='ocrx_word' id='word_1_157' title='bbox 1414 3157 1478 3222; x_wconf 91' lang='lat' dir='ltr'><strong>in</strong></span> <span class='ocrx_word' id='word_1_158' title='bbox 1531 3156 1945 3224; x_wconf 90' lang='lat' dir='ltr'><strong>editionibus</strong></span> <span class='ocrx_word' id='word_1_159' title='bbox 1996 3161 2471 3245; x_wconf 91' lang='lat' dir='ltr'><strong>reposuerunt.</strong></span> <span class='ocrx_word' id='word_1_160' title='bbox 2556 3155 2910 3224; x_wconf 86' lang='lat' dir='ltr'><strong>Editorum</strong></span> 
     </span>
     <span class='ocr_line' id='line_1_20' title="bbox 349 3255 2908 3342; baseline 0 -20"><span class='ocrx_word' id='word_1_161' title='bbox 349 3256 577 3322; x_wconf 92' lang='lat' dir='ltr'><strong>studia</strong></span> <span class='ocrx_word' id='word_1_162' title='bbox 624 3256 853 3323; x_wconf 90' lang='lat' dir='ltr'><strong>adiuta</strong></span> <span class='ocrx_word' id='word_1_163' title='bbox 902 3261 1062 3322; x_wconf 87' lang='lat' dir='ltr'><strong>sunt</strong></span> <span class='ocrx_word' id='word_1_164' title='bbox 1110 3255 1196 3322; x_wconf 89' lang='lat' dir='ltr'><strong>ab</strong></span> <span class='ocrx_word' id='word_1_165' title='bbox 1245 3256 1398 3322; x_wconf 87' lang='lat' dir='ltr'><strong>aliis·</strong></span> <span class='ocrx_word' id='word_1_166' title='bbox 1422 3255 1584 3322; x_wconf 88' lang='lat' dir='ltr'><strong>viris</strong></span> <span class='ocrx_word' id='word_1_167' title='bbox 1621 3255 2064 3338; x_wconf 84' lang='lat' dir='ltr'><strong>doctissimiS,</strong></span> <span class='ocrx_word' id='word_1_168' title='bbox 2116 3275 2202 3322; x_wconf 90' lang='lat' dir='ltr'><strong>ex</strong></span> <span class='ocrx_word' id='word_1_169' title='bbox 2250 3276 2388 3342; x_wconf 94' lang='lat' dir='ltr'><strong>quo</strong></span> <span class='ocrx_word' id='word_1_170' title='bbox 2425 3275 2714 3322; x_wconf 90' lang='lat' dir='ltr'><strong>numero</strong></span> <span class='ocrx_word' id='word_1_171' title='bbox 2750 3257 2908 3322; x_wconf 88' lang='lat' dir='ltr'><strong>dico</strong></span> 
     </span>
     <span class='ocr_line' id='line_1_21' title="bbox 351 3351 2909 3437; baseline -0 -17"><span class='ocrx_word' id='word_1_172' title='bbox 351 3353 804 3436; x_wconf 87' lang='lat' dir='ltr'><strong>Eussnerum,</strong></span> <span class='ocrx_word' id='word_1_173' title='bbox 885 3353 1344 3436; x_wconf 90' lang='lat' dir='ltr'><strong>Dossonium‚</strong></span> <span class='ocrx_word' id='word_1_174' title='bbox 1420 3352 1813 3433; x_wconf 87' lang='lat' dir='ltr'><strong>Kinchium,</strong></span> <span class='ocrx_word' id='word_1_175' title='bbox 1888 3351 1961 3419; x_wconf 83' lang='lat' dir='ltr'><strong>R.</strong></span> <span class='ocrx_word' id='word_1_176' title='bbox 2012 3352 2433 3436; x_wconf 74' lang='lat' dir='ltr'><strong>Novakium,</strong></span> <span class='ocrx_word' id='word_1_177' title='bbox 2515 3353 2909 3437; x_wconf 90' lang='lat' dir='ltr'><strong>Meiserum,</strong></span> 
     </span>
     <span class='ocr_line' id='line_1_22' title="bbox 351 3449 2910 3538; baseline 0.002 -22"><span class='ocrx_word' id='word_1_178' title='bbox 351 3449 853 3532; x_wconf 87' lang='lat' dir='ltr'><strong>Prohazelium,</strong></span> <span class='ocrx_word' id='word_1_179' title='bbox 903 3451 1456 3518; x_wconf 89' lang='lat' dir='ltr'><strong>Weinholdtium.</strong></span> <span class='ocrx_word' id='word_1_180' title='bbox 1535 3450 1668 3534; x_wconf 91' lang='lat' dir='ltr'><strong>Qui</strong></span> <span class='ocrx_word' id='word_1_181' title='bbox 1720 3469 2138 3538; x_wconf 90' lang='lat' dir='ltr'><strong>quamquam</strong></span> <span class='ocrx_word' id='word_1_182' title='bbox 2191 3451 2415 3517; x_wconf 91' lang='lat' dir='ltr'><strong>verbis</strong></span> <span class='ocrx_word' id='word_1_183' title='bbox 2465 3451 2821 3537; x_wconf 90' lang='lat' dir='ltr'><strong>scriptoris</strong></span> <span class='ocrx_word' id='word_1_184' title='bbox 2871 3473 2910 3520; x_wconf 90' lang='lat' dir='ltr'><strong>a</strong></span> 
     </span>
     <span class='ocr_line' id='line_1_23' title="bbox 351 3548 2908 3637; baseline 0 -21"><span class='ocrx_word' id='word_1_185' title='bbox 351 3549 758 3637; x_wconf 91' lang='lat' dir='ltr'><strong>corruptelis</strong></span> <span class='ocrx_word' id='word_1_186' title='bbox 839 3549 1216 3636; x_wconf 88' lang='lat' dir='ltr'><strong>purgandis</strong></span> <span class='ocrx_word' id='word_1_187' title='bbox 1289 3569 1572 3635; x_wconf 92' lang='lat' dir='ltr'><strong>operam</strong></span> <span class='ocrx_word' id='word_1_188' title='bbox 1645 3552 2062 3614; x_wconf 90' lang='lat' dir='ltr'><strong>navaverant</strong></span> <span class='ocrx_word' id='word_1_189' title='bbox 2134 3548 2595 3631; x_wconf 90' lang='lat' dir='ltr'><strong>utilissimam,</strong></span> <span class='ocrx_word' id='word_1_190' title='bbox 2679 3552 2908 3616; x_wconf 92' lang='lat' dir='ltr'><strong>tamen</strong></span> 
     </span>
     <span class='ocr_line' id='line_1_24' title="bbox 350 3645 2911 3735; baseline 0.002 -24"><span class='ocrx_word' id='word_1_191' title='bbox 350 3646 655 3715; x_wconf 87' lang='lat' dir='ltr'><strong>Thomas</strong></span> <span class='ocrx_word' id='word_1_192' title='bbox 703 3645 946 3732; x_wconf 88' lang='lat' dir='ltr'><strong>Stangl</strong></span> <span class='ocrx_word' id='word_1_193' title='bbox 1010 3665 1602 3734; x_wconf 90' lang='lat' dir='ltr'><strong>supervacaneum</strong></span> <span class='ocrx_word' id='word_1_194' title='bbox 1666 3650 1873 3733; x_wconf 91' lang='lat' dir='ltr'><strong>atque</strong></span> <span class='ocrx_word' id='word_1_195' title='bbox 1937 3646 2169 3712; x_wconf 91' lang='lat' dir='ltr'><strong>inutile</strong></span> <span class='ocrx_word' id='word_1_196' title='bbox 2228 3667 2367 3713; x_wconf 90' lang='lat' dir='ltr'><strong>non</strong></span> <span class='ocrx_word' id='word_1_197' title='bbox 2425 3667 2583 3714; x_wconf 92' lang='lat' dir='ltr'><strong>esse</strong></span> <span class='ocrx_word' id='word_1_198' title='bbox 2648 3649 2911 3735; x_wconf 87' lang='lat' dir='ltr'><strong>putavit</strong></span> 
     </span>
     <span class='ocr_line' id='line_1_25' title="bbox 350 3741 2910 3832; baseline -0 -21"><span class='ocrx_word' id='word_1_199' title='bbox 350 3743 669 3813; x_wconf 89' lang='lat' dir='ltr'><strong>historias</strong></span> <span class='ocrx_word' id='word_1_200' title='bbox 719 3744 914 3813; x_wconf 90' lang='lat' dir='ltr'><strong>Curti</strong></span> <span class='ocrx_word' id='word_1_201' title='bbox 967 3745 1195 3811; x_wconf 93' lang='lat' dir='ltr'><strong>denuo</strong></span> <span class='ocrx_word' id='word_1_202' title='bbox 1245 3744 1471 3810; x_wconf 92' lang='lat' dir='ltr'><strong>edere.</strong></span> <span class='ocrx_word' id='word_1_203' title='bbox 1559 3741 1708 3830; x_wconf 86' lang='lat' dir='ltr'><strong>Ego</strong></span> <span class='ocrx_word' id='word_1_204' title='bbox 1759 3743 2087 3832; x_wconf 90' lang='lat' dir='ltr'><strong>quoniam</strong></span> <span class='ocrx_word' id='word_1_205' title='bbox 2153 3749 2217 3810; x_wconf 89' lang='lat' dir='ltr'><strong>et</strong></span> <span class='ocrx_word' id='word_1_206' title='bbox 2272 3744 2572 3811; x_wconf 89' lang='lat' dir='ltr'><strong>dictione</strong></span> <span class='ocrx_word' id='word_1_207' title='bbox 2638 3750 2705 3812; x_wconf 92' lang='lat' dir='ltr'><strong>et</strong></span> <span class='ocrx_word' id='word_1_208' title='bbox 2753 3766 2910 3812; x_wconf 90' lang='lat' dir='ltr'><strong>sen-</strong></span> 
     </span>
     <span class='ocr_line' id='line_1_26' title="bbox 351 3841 2907 3930; baseline 0 -22"><span class='ocrx_word' id='word_1_209' title='bbox 351 3841 576 3908; x_wconf 89' lang='lat' dir='ltr'><strong>tentiis</strong></span> <span class='ocrx_word' id='word_1_210' title='bbox 628 3841 818 3910; x_wconf 91' lang='lat' dir='ltr'><strong>Curti</strong></span> <span class='ocrx_word' id='word_1_211' title='bbox 870 3843 1197 3922; x_wconf 89' lang='lat' dir='ltr'><strong>delector,</strong></span> <span class='ocrx_word' id='word_1_212' title='bbox 1247 3841 1409 3908; x_wconf 92' lang='lat' dir='ltr'><strong>mihi</strong></span> <span class='ocrx_word' id='word_1_213' title='bbox 1460 3845 1817 3930; x_wconf 90' lang='lat' dir='ltr'><strong>proposui,</strong></span> <span class='ocrx_word' id='word_1_214' title='bbox 1870 3846 1940 3907; x_wconf 90' lang='lat' dir='ltr'><strong>ut</strong></span> <span class='ocrx_word' id='word_1_215' title='bbox 1992 3842 2428 3908; x_wconf 88' lang='lat' dir='ltr'><strong>coniecturas</strong></span> <span class='ocrx_word' id='word_1_216' title='bbox 2478 3862 2517 3908; x_wconf 86' lang='lat' dir='ltr'><strong>a</strong></span> <span class='ocrx_word' id='word_1_217' title='bbox 2552 3841 2907 3930; x_wconf 89' lang='lat' dir='ltr'><strong>Stangelio</strong></span> 
     </span>
     <span class='ocr_line' id='line_1_27' title="bbox 347 3938 2906 4028; baseline 0 -22"><span class='ocrx_word' id='word_1_218' title='bbox 347 3940 566 4007; x_wconf 80' lang='lat' dir='ltr'><strong>factas</strong></span> <span class='ocrx_word' id='word_1_219' title='bbox 614 3941 1102 4023; x_wconf 88' lang='lat' dir='ltr'><strong>examinarem,</strong></span> <span class='ocrx_word' id='word_1_220' title='bbox 1168 3944 1253 4022; x_wconf 90' lang='lat' dir='ltr'><strong>et,</strong></span> <span class='ocrx_word' id='word_1_221' title='bbox 1320 3958 1495 4028; x_wconf 90' lang='lat' dir='ltr'><strong>quae</strong></span> <span class='ocrx_word' id='word_1_222' title='bbox 1547 3939 1709 4005; x_wconf 88' lang='lat' dir='ltr'><strong>mihi</strong></span> <span class='ocrx_word' id='word_1_223' title='bbox 1754 3938 2069 4028; x_wconf 69' lang='lat' dir='ltr'><strong>{maxime</strong></span> <span class='ocrx_word' id='word_1_224' title='bbox 2120 3940 2591 4027; x_wconf 89' lang='lat' dir='ltr'><strong>probarentur,</strong></span> <span class='ocrx_word' id='word_1_225' title='bbox 2659 3946 2906 4022; x_wconf 88' lang='lat' dir='ltr'><strong>tuerer,</strong></span> 
     </span>
     <span class='ocr_line' id='line_1_28' title="bbox 349 4037 2903 4126; baseline 0 -22"><span class='ocrx_word' id='word_1_226' title='bbox 349 4038 514 4104; x_wconf 86' lang='lat' dir='ltr'><strong>alias</strong></span> <span class='ocrx_word' id='word_1_227' title='bbox 565 4039 922 4106; x_wconf 76' lang='lat' dir='ltr'><strong>refutarem</strong></span> <span class='ocrx_word' id='word_1_228' title='bbox 958 4059 1061 4120; x_wconf 89' lang='lat' dir='ltr'><strong>ae,</strong></span> <span class='ocrx_word' id='word_1_229' title='bbox 1113 4037 1168 4104; x_wconf 91' lang='lat' dir='ltr'><strong>si</strong></span> <span class='ocrx_word' id='word_1_230' title='bbox 1203 4039 1365 4126; x_wconf 89' lang='lat' dir='ltr'><strong>quid</strong></span> <span class='ocrx_word' id='word_1_231' title='bbox 1410 4037 1572 4104; x_wconf 90' lang='lat' dir='ltr'><strong>mihi</strong></span> <span class='ocrx_word' id='word_1_232' title='bbox 1623 4038 1752 4124; x_wconf 91' lang='lat' dir='ltr'><strong>ipsi</strong></span> <span class='ocrx_word' id='word_1_233' title='bbox 1787 4042 2183 4104; x_wconf 91' lang='lat' dir='ltr'><strong>occurreret</strong></span> <span class='ocrx_word' id='word_1_234' title='bbox 2217 4039 2700 4105; x_wconf 89' lang='lat' dir='ltr'><strong>emendatione</strong></span> <span class='ocrx_word' id='word_1_235' title='bbox 2751 4039 2903 4125; x_wconf 88' lang='lat' dir='ltr'><strong>dig-</strong></span> 
     </span>
     <span class='ocr_line' id='line_1_29' title="bbox 350 4137 1429 4224; baseline 0 -22"><span class='ocrx_word' id='word_1_236' title='bbox 350 4157 538 4219; x_wconf 93' lang='lat' dir='ltr'><strong>num,</strong></span> <span class='ocrx_word' id='word_1_237' title='bbox 590 4137 752 4202; x_wconf 88' lang='lat' dir='ltr'><strong>illud</strong></span> <span class='ocrx_word' id='word_1_238' title='bbox 801 4156 1079 4224; x_wconf 93' lang='lat' dir='ltr'><strong>quoque</strong></span> <span class='ocrx_word' id='word_1_239' title='bbox 1130 4137 1429 4202; x_wconf 91' lang='lat' dir='ltr'><strong>ederem.</strong></span> 
     </span>
    </p>

    <p class='ocr_par' dir='ltr' id='par_1_7' title="bbox 348 4231 2909 4810">
     <span class='ocr_line' id='line_1_30' title="bbox 437 4231 2907 4321; baseline 0 -21"><span class='ocrx_word' id='word_1_240' title='bbox 437 4233 797 4302; x_wconf 86' lang='lat' dir='ltr'><strong>Praeterea</strong></span> <span class='ocrx_word' id='word_1_241' title='bbox 846 4234 913 4300; x_wconf 92' lang='lat' dir='ltr'><strong>id</strong></span> <span class='ocrx_word' id='word_1_242' title='bbox 964 4234 1405 4321; x_wconf 90' lang='lat' dir='ltr'><strong>potissimum</strong></span> <span class='ocrx_word' id='word_1_243' title='bbox 1442 4233 1830 4316; x_wconf 91' lang='lat' dir='ltr'><strong>studebam,</strong></span> <span class='ocrx_word' id='word_1_244' title='bbox 1882 4237 1953 4298; x_wconf 90' lang='lat' dir='ltr'><strong>ut</strong></span> <span class='ocrx_word' id='word_1_245' title='bbox 1991 4231 2185 4299; x_wconf 91' lang='lat' dir='ltr'><strong>Curti</strong></span> <span class='ocrx_word' id='word_1_246' title='bbox 2228 4233 2502 4319; x_wconf 89' lang='lat' dir='ltr'><strong>copiam</strong></span> <span class='ocrx_word' id='word_1_247' title='bbox 2539 4234 2907 4300; x_wconf 92' lang='lat' dir='ltr'><strong>verborum</strong></span> 
     </span>
     <span class='ocr_line' id='line_1_31' title="bbox 348 4331 2907 4420; baseline 0.001 -22"><span class='ocrx_word' id='word_1_248' title='bbox 348 4353 550 4400; x_wconf 91' lang='lat' dir='ltr'><strong>usum</strong></span> <span class='ocrx_word' id='word_1_249' title='bbox 602 4331 1323 4420; x_wconf 89' lang='lat' dir='ltr'><strong>compositionemque</strong></span> <span class='ocrx_word' id='word_1_250' title='bbox 1388 4331 1655 4419; x_wconf 89' lang='lat' dir='ltr'><strong>planius</strong></span> <span class='ocrx_word' id='word_1_251' title='bbox 1722 4350 2145 4418; x_wconf 88' lang='lat' dir='ltr'><strong>exponerem</strong></span> <span class='ocrx_word' id='word_1_252' title='bbox 2209 4335 2414 4417; x_wconf 90' lang='lat' dir='ltr'><strong>atque</strong></span> <span class='ocrx_word' id='word_1_253' title='bbox 2479 4331 2907 4415; x_wconf 89' lang='lat' dir='ltr'><strong>illustrarem,</strong></span> 
     </span>
     <span class='ocr_line' id='line_1_32' title="bbox 351 4427 2908 4538; baseline 0 -42"><span class='ocrx_word' id='word_1_254' title='bbox 351 4451 557 4518; x_wconf 91' lang='lat' dir='ltr'><strong>quam</strong></span> <span class='ocrx_word' id='word_1_255' title='bbox 594 4430 946 4496; x_wconf 87' lang='lat' dir='ltr'><strong>illustravit</strong></span> <span class='ocrx_word' id='word_1_256' title='bbox 982 4429 1243 4496; x_wconf 88' lang='lat' dir='ltr'><strong>Theod.</strong></span> <span class='ocrx_word' id='word_1_257' title='bbox 1271 4427 1512 4515; x_wconf 89' lang='lat' dir='ltr'><strong>Vogel,</strong></span> <span class='ocrx_word' id='word_1_258' title='bbox 1555 4448 1762 4516; x_wconf 91' lang='lat' dir='ltr'><strong>quem</strong></span> <span class='ocrx_word' id='word_1_259' title='bbox 1799 4429 1886 4495; x_wconf 87' lang='lat' dir='ltr'><strong>ad</strong></span> <span class='ocrx_word' id='word_1_260' title='bbox 1916 4428 2419 4538; x_wconf 79' lang='lat' dir='ltr'><strong>exquirendum</strong></span> <span class='ocrx_word' id='word_1_261' title='bbox 2457 4429 2659 4496; x_wconf 90' lang='lat' dir='ltr'><strong>huius</strong></span> <span class='ocrx_word' id='word_1_262' title='bbox 2693 4427 2908 4517; x_wconf 80' lang='lat' dir='ltr'><strong>scrip&#39;-</strong></span> 
     </span>
     <span class='ocr_line' id='line_1_33' title="bbox 352 4524 2909 4615; baseline 0 -22"><span class='ocrx_word' id='word_1_263' title='bbox 352 4528 517 4594; x_wconf 90' lang='lat' dir='ltr'><strong>toris</strong></span> <span class='ocrx_word' id='word_1_264' title='bbox 567 4547 958 4594; x_wconf 90' lang='lat' dir='ltr'><strong>sermonem</strong></span> <span class='ocrx_word' id='word_1_265' title='bbox 1014 4527 1381 4615; x_wconf 87' lang='lat' dir='ltr'><strong>plurimum</strong></span> <span class='ocrx_word' id='word_1_266' title='bbox 1418 4525 1797 4592; x_wconf 89' lang='lat' dir='ltr'><strong>contulisse</strong></span> <span class='ocrx_word' id='word_1_267' title='bbox 1842 4525 2121 4591; x_wconf 89' lang='lat' dir='ltr'><strong>minime</strong></span> <span class='ocrx_word' id='word_1_268' title='bbox 2157 4545 2360 4612; x_wconf 88' lang='lat' dir='ltr'><strong>nego.</strong></span> <span class='ocrx_word' id='word_1_269' title='bbox 2437 4524 2909 4594; x_wconf 80' lang='lat' dir='ltr'><strong>Co&#39;ercebatur</strong></span> 
     </span>
     <span class='ocr_line' id='line_1_34' title="bbox 351 4623 2906 4712; baseline 0.001 -22"><span class='ocrx_word' id='word_1_270' title='bbox 351 4626 668 4693; x_wconf 90' lang='lat' dir='ltr'><strong>voluntas</strong></span> <span class='ocrx_word' id='word_1_271' title='bbox 704 4645 855 4692; x_wconf 92' lang='lat' dir='ltr'><strong>mea</strong></span> <span class='ocrx_word' id='word_1_272' title='bbox 888 4624 1225 4712; x_wconf 89' lang='lat' dir='ltr'><strong>angustiis</strong></span> <span class='ocrx_word' id='word_1_273' title='bbox 1258 4624 1612 4712; x_wconf 91' lang='lat' dir='ltr'><strong>temporis.</strong></span> <span class='ocrx_word' id='word_1_274' title='bbox 1675 4623 1905 4707; x_wconf 91' lang='lat' dir='ltr'><strong>Quare</strong></span> <span class='ocrx_word' id='word_1_275' title='bbox 1941 4623 2251 4711; x_wconf 91' lang='lat' dir='ltr'><strong>quisquis</strong></span> <span class='ocrx_word' id='word_1_276' title='bbox 2288 4623 2621 4691; x_wconf 88' lang='lat' dir='ltr'><strong>iudicabis</strong></span> <span class='ocrx_word' id='word_1_277' title='bbox 2658 4626 2742 4691; x_wconf 91' lang='lat' dir='ltr'><strong>de</strong></span> <span class='ocrx_word' id='word_1_278' title='bbox 2778 4627 2906 4692; x_wconf 91' lang='lat' dir='ltr'><strong>hac</strong></span> 
     </span>
     <span class='ocr_line' id='line_1_35' title="bbox 353 4721 2004 4810; baseline -0.001 -20"><span class='ocrx_word' id='word_1_279' title='bbox 353 4723 854 4806; x_wconf 88' lang='lat' dir='ltr'><strong>dissertatione,</strong></span> <span class='ocrx_word' id='word_1_280' title='bbox 906 4727 1189 4810; x_wconf 83' lang='lat' dir='ltr'><strong>quaes0,</strong></span> <span class='ocrx_word' id='word_1_281' title='bbox 1241 4723 1422 4789; x_wconf 91' lang='lat' dir='ltr'><strong>bona</strong></span> <span class='ocrx_word' id='word_1_282' title='bbox 1470 4721 1671 4789; x_wconf 92' lang='lat' dir='ltr'><strong>venia</strong></span> <span class='ocrx_word' id='word_1_283' title='bbox 1720 4721 2004 4788; x_wconf 91' lang='lat' dir='ltr'><strong>iudices.</strong></span> 
     </span>
    </p>
   </div>
   <div class='ocr_carea' id='block_1_7' title="bbox 1263 4847 2549 4980">
    <p class='ocr_par' dir='ltr' id='par_1_8' title="bbox 1263 4847 2549 4980">
     <span class='ocr_line' id='line_1_36' title="bbox 1263 4847 2549 4980; baseline -0.004 -1.619"><span class='ocrx_word' id='word_1_284' title='bbox 1263 4861 1803 4980; x_wconf 82' lang='grc'>854585</span> <span class='ocrx_word' id='word_1_285' title='bbox 2492 4847 2549 4900; x_wconf 57' lang='lat'><strong><em>⁹</em></strong></span> 
     </span>
    </p>
   </div>
  </div>
 </body>
</html>
