3334 5292
1588 371 2030 436 ...42—

535 599 549 612 .
589 598 602 611 .
641 599 654 612 .
703 550 769 612 et
800 569 845 612 a
880 546 1203 612 lateribus
1255 551 1320 612 et
1355 569 1399 612 a
1432 548 1652 613 fronte
1705 551 1771 614 et
1805 568 1849 614 a
1885 551 2079 632 tergo
2130 547 2311 614 hosti
2363 546 2686 612 ostendit.
2784 546 2891 613 Vll
2928 551 2987 630 9,
3023 551 3098 613 3:

534 645 806 711 stabant
870 648 936 710 et
999 644 1099 709 ab
1165 648 1458 731 utroque
1522 645 1729 711 latere
1794 649 1861 710 et
1928 665 1974 709 a
2036 645 2257 711 fronte
2330 644 2736 710 circumdati
2799 646 3099 712 armatiS.

535 741 668 807 Vlll
713 744 809 824 14,
845 744 964 808 38:
1019 739 1197 828 Ergo
1250 742 1551 829 undique
1600 747 1668 808 et
1718 743 1797 808 in
1850 742 2117 829 pedites
2168 746 2233 808 et
2283 743 2363 807 in
2415 742 2641 829 ipsum
2679 741 2932 809 Porum
2969 744 3104 810 tela

534 845 872 926 congesta
920 845 1098 906 sunt.
1196 838 1454 921 V11112,
1490 843 1608 906 28:
1680 840 1836 907 Per
1900 860 2027 906 vos
2090 839 2523 928 gloriamque
2580 845 2902 923 vestram,
2968 861 3105 928 qua

531 939 920 1004 humanum
944 938 1290 1024 fastigium
1325 938 1681 1019 exceditiS‚
1735 958 2066 1026 perque
2116 942 2183 1004 et
2232 957 2388 1004 mea
2435 938 2517 1003 in
2566 959 2694 1005 vos
2742 943 2810 1004 et
2858 939 2939 1004 in
2991 960 3104 1006 me

530 1041 758 1102 vestra
793 1035 1051 1103 merita.
1082 1035 1353 1119 'V11116,
1382 1040 1455 1102 3;
1500 1036 1761 1104 Placuit
1797 1037 1852 1102 is
1880 1036 2077 1105 locus
2112 1041 2177 1102 et
2212 1036 2309 1102 ad
2346 1055 2543 1102 suam
2578 1041 2645 1102 et
2678 1037 2773 1103 ad
2810 1037 3101 1103 militum

534 1135 868 1221 requiem.
958 1132 1122 1199 Vllll
1160 1137 1219 1215 7,
1265 1137 1406 1199 172-
1444 1155 1680 1222 regem
1748 1135 2027 1201 tandem
2078 1135 2185 1200 vel
2237 1134 2337 1200 de
2386 1154 2511 1200 sua
2560 1135 2943 1201 temeritate
2994 1136 3102 1202 vel

531 1232 633 1298 de
684 1231 858 1298 illius
895 1231 1165 1319 ignavia
1199 1232 1681 1298 iudicaturum.
1764 1231 1873 1297 Vll
1910 1239 1970 1313 b,
2016 1235 2126 1298 18:
2179 1231 2269 1296 11Ιί
2305 1251 2433 1298 nec
2486 1232 2586 1298 de
2634 1232 2769 1298 lide
2818 1253 2946 1299 nec
2998 1235 3101 1300 de

531 1330 840 1416 potentia
890 1329 1072 1416 regis
1139 1331 1330 1417 ipsos
1396 1330 1706 1397 dubitare
1772 1330 2216 1418 respondent.
2314 1329 2393 1394 lV
2442 1334 2491 1412 1,
2530 1333 2646 1396 28:
2714 1328 3105 1419 Aegyptios

531 1446 806 1515 semper
864 1428 1298 1515 praetoribus
1362 1448 1601 1494 eorum
1669 1428 1954 1494 infestos
2005 1449 2159 1514 pro
2212 1427 2421 1494 sociis
2472 1429 2686 1516 ipsoS,
2738 1449 2875 1496 non
2942 1451 3102 1517 pro

529 1526 846 1592 hostibus
881 1526 1386 1592 aestimaturos,
1440 1525 1546 1590 Vll
1585 1529 1646 1608 9,
1693 1530 1805 1592 18:
1858 1527 1901 1591 d
1925 1547 1960 1592 e
1995 1525 2412 1609 fortitudine,
2448 1547 2586 1593 non
2624 1527 2725 1593 de
2760 1527 2855 1593 ira
2885 1528 3101 1595 fuisse

531 1630 900 1690 certamen.
985 1623 1064 1688 lV
1111 1627 1205 1705 14,
1241 1627 1316 1690 9:
1369 1624 1501 1690 iam
1540 1645 1678 1690 non
1731 1625 1830 1690 de
1880 1625 2119 1711 gloria,
2172 1627 2296 1692 sed
2348 1627 2447 1691 de
2499 1626 2716 1692 salute
2767 1630 2853 1706 et,
2906 1627 3099 1712 quod

529 1722 729 1787 saluti
780 1722 1226 1809 praeponiti8‚
1277 1723 1584 1789 libertate
1636 1724 2089 1810 pugnandum
2126 1728 2251 1790 est.
2337 1722 2599 1806 vl1112‚
2637 1725 2755 1788 26:
2810 1723 2963 1790 Non
3016 1725 3098 1789 in

531 1820 760 1886 limine
831 1840 1122 1908 operum
1190 1822 1639 1908 laborumque
1707 1825 2125 1904 nostrorum,
2200 1823 2324 1888 sed
2398 1822 2478 1886 in
2552 1821 2736 1887 exitu
2809 1826 3099 1888 stamus,

530 1917 593 1982 X
630 1921 688 1999 5,
734 1921 840 1984 13:
893 1919 1158 2001 iterum,
1194 1939 1333 1985 non
1369 1920 1468 1985 de
1504 1937 1721 2006 regno
1749 1917 1975 2000 Asiae,
2004 1921 2127 1986 sed
2164 1922 2206 1986 d
2230 1939 2265 1985 e
2299 1939 2463 2006 rege
2491 1919 2658 2007 ipsis
2686 1921 3099 2006 sanguinem

527 2035 685 2082 esse
733 2017 1183 2083 fundendum.
1265 2016 1328 2081 X
1364 2020 1424 2100 5,
1461 2019 1580 2082 27;
1629 2017 1958 2083 iortitudo
2011 2038 2147 2084 non
2199 2019 2429 2084 inter
2478 2037 2677 2104 reges
2728 2019 2943 2085 modo
2979 2039 3099 2084 ex-

530 2115 808 2196 cellens,
875 2115 1000 2180 sed
1065 2114 1298 2182 inter
1363 2115 1513 2180 illos
1564 2135 1862 2202 quoque,
1929 2135 2222 2202 quorum
2275 2117 2444 2182 haec
2494 2117 2645 2182 sola
2692 2116 2905 2182 virtus
2953 2116 3095 2181 fuit.

531 2211 594 2276 X
629 2215 690 2292 ὁ,
728 2214 846 2277 20:
912 2212 1089 2279 Nihil
1140 2213 1298 2279 dico
1351 2213 1451 2278 de
1502 2212 1951 2281 nobilioribus
2001 2234 2206 2301 quam
2259 2214 2368 2280 hic
2418 2218 2543 2295 est,
2610 2214 2734 2280 sed
2788 2214 2887 2280 de
2936 2215 3100 2280 viris

527 2314 815 2392 tantum,
868 2311 1116 2397 quibus
1167 2311 1390 2377 invitis
1442 2311 1600 2376 nihil
1652 2311 1914 2399 perpeti
1966 2332 2256 2379 necesse
2302 2316 2425 2378 est.
2508 2311 2659 2394 X2,
2689 2313 2807 2377 21:
2861 2333 2988 2378 nec
3026 2318 3100 2378 ut

531 2428 722 2474 cum
775 2408 1098 2474 militibus
1149 2409 1321 2475 meis
1370 2446 1455 2456 -—-
1505 2410 1638 2474 iam
1692 2409 1872 2475 enirn
1926 2429 2082 2476 esse
2148 2409 2425 2477 desistis
2475 2450 2559 2457 —
2606 2410 2731 2476 sed
2783 2414 2855 2475 ut
2905 2431 3095 2476 cum

531 2505 1012 2591 ingratissimis
1077 2507 1308 2593 operis
1372 2527 1576 2594 agere
1640 2508 1934 2574 decrevi.
2031 2507 2392 2591 V113,17:
2468 2529 2647 2574 nunc
2708 2508 2786 2573 in
2842 2509 3095 2592 medi0‚

530 2623 711 2669 nunc
749 2604 828 2669 in
864 2603 1105 2670 ultimo
1141 2607 1416 2692 agmine
1453 2605 1709 2672 itineris
1746 2606 2195 2694 multiplicato
2226 2607 2461 2672 labore
2488 2607 2744 2672 aderat.
2799 2605 2861 2670 X
2889 2609 2949 2687 5,
2987 2611 3094 2673 ll:

532 2700 611 2768 Et
659 2723 817 2768 cum
870 2702 984 2769 diu
1036 2722 1217 2769 nunc
1268 2703 1347 2767 in
1397 2704 1860 2785 veneratione,
1925 2725 2106 2770 nunc
2159 2705 2238 2770 in
2307 2704 2651 2771 desiderio
2704 2704 2885 2792 regis
2936 2706 3099 2771 hae-

529 2800 802 2867 sissent.
901 2800 1114 2882 V113,
1168 2803 1286 2866 21;
1354 2821 1439 2867 ex
1503 2821 1640 2888 quo
1707 2801 1913 2868 Asiae
1978 2803 2210 2868 omnia
2272 2804 2410 2869 tere
2474 2802 2757 2869 flumina
2820 2803 2948 2868 alia
3013 2804 3093 2868 in

529 2896 857 2978 Rubrum,
909 2899 1164 2978 aliain
1204 2897 1539 2987 Caspium
1592 2919 1799 2983 mare,
1850 2901 1977 2966 alia
2028 2901 2107 2965 in
2154 2900 2580 2988 Hyrcanium
2625 2905 2701 2967 et·
2727 2901 3091 2967 Ponticum

531 2996 878 3063 decidunt.
976 2996 1084 3062 Vll
1121 3000 1180 3080 4,
1227 3002 1337 3063 lO:
1404 2998 1592 3084 quod
1644 2997 1724 3062 in
1774 3018 1903 3064 suo
1955 3000 2245 3086 quisque
2294 2998 2577 3086 negotio
2630 3000 2940 3066 hebetior
2988 3004 3094 3066 est

527 3095 736 3181 {luam
801 3095 880 3160 in
947 3096 1190 3162 alieno,
1288 3094 1425 3160 Vlll
1479 3099 1574 3176 13,
1626 3099 1701 3162 3:
1769 3096 2023 3184 quippe
2090 3098 2245 3184 plus
2312 3098 2388 3163 in
2457 3097 2675 3164 beluis
2740 3117 2946 3184 quam
3011 3098 3093 3162 in

529 3193 833 3259 exercitu
884 3195 1032 3281 spei
1081 3214 1162 3261 ac
1211 3194 1453 3259 virium
1505 3194 1630 3260 illis
1682 3199 1845 3260 erat.
1943 3194 2079 3260 Vlll
2125 3199 2220 3278 14,
2257 3198 2375 3261 46:
2435 3196 2815 3282 simplicius
2865 3201 3095 3262 tamen

527 3293 779 3358 famam
815 3291 1221 3359 aestimabat
1271 3293 1350 3356 in
1387 3293 1588 3359 hoste
1625 3312 1830 3380 quam
1883 3293 1961 3358 in
2013 3293 2182 3360 cive.
2266 3292 2430 3358 Vllll
2466 3297 2527 3376 6,
2564 3295 2683 3358 24:
2737 3292 3093 3380 Philippus

529 3390 608 3456 in
659 3390 805 3456 acie
856 3391 1062 3458 tutior
1110 3410 1316 3477 quam
1369 3390 1448 3455 in
1500 3392 1768 3457 theatro
1819 3391 2003 3456 fuit.
2101 3390 2267 3457 Vllll
2306 3395 2364 3474 7,
2401 3393 2519 3456 25:
2590 3390 2814 3478 Saepe
2864 3392 3093 3458 minus

529 3492 634 3554 est
685 3488 1113 3554 constantiae
1164 3488 1244 3554 in
1296 3489 1545 3557 rubore
1596 3509 1803 3576 quam
1855 3490 1934 3554 in
1986 3491 2207 3577 culpa.
2305 3489 2456 3556 Vllll
2506 3493 2566 3572 6,
2604 3492 2722 3555 25:
2776 3491 3006 3576 plures
3048 3512 3094 3555 a

529 3586 672 3651 suis
707 3605 912 3673 quam
948 3587 1046 3651 ab
1080 3588 1278 3653 hoste
1315 3587 1770 3674 interemptos
1806 3588 2273 3655 numerabitis,
2326 3587 2461 3652 Vlll
2497 3592 2559 3671 8,
2605 3591 2713 3654 18:
2767 3588 3097 3675 profiteor

527 3683 606 3775 in
658 3684 908 3750 eodem
945 3685 1210 3751 honore
1260 3685 1524 3751 tuturos
1567 3706 1815 3751 omnes
1850 3705 1993 3768 eos,
2043 3687 2128 3752 in
2181 3707 2317 3774 quo
2352 3687 2643 3753 luerunt.
2721 3684 2857 3750 Vlll
2895 3690 2946 3768 1,
2975 3688 3090 3752 37;

411 3819 416 3824 -
527 3782 753 3869 ipsum
790 3781 870 3847 in
905 3782 1090 3848 viros
1118 3782 1463 3864 incidisse,
1494 3787 1557 3848 te
1588 3784 1666 3849 in
1703 3783 2013 3850 feminas.
2089 3783 2152 3849 X
2182 3787 2373 3866 1,39;
2414 3782 2759 3872 Coeperat
2787 3804 2904 3850 rex
2932 3804 3091 3850 esse

512 3885 863 3967 'praeceps
901 3881 996 3946 ad
1034 3882 1618 3968 repraesentanda
1644 3882 2003 3968 supplicia,
2033 3884 2195 3948 item
2224 3883 2319 3962 ad
2349 3880 2692 3948 deteriora
2718 3882 3089 3948 credenda.

618 3976 685 4041 ln
736 3978 1181 4045 substantivis
1247 3978 1578 4065 particula
1643 3979 1749 4045 ‘et’
1816 3979 1959 4046 sive
2026 3980 2147 4046 ‘ac'
2216 3980 2603 4046 coniunctis
2669 3980 3091 4067 praepositio

525 4075 747 4140 iterari
814 4097 952 4142 non
1019 4077 1215 4158 solet,
1282 4081 1511 4143 tamen
1578 4077 1874 4162 legimus
1939 4078 2003 4143 in
2063 4077 2229 4143 Vllll
2266 4080 2325 4161 2,
2386 4082 2497 4143 1οε
2566 4077 2647 4142 in
2698 4077 2845 4154 acie
2894 4082 2960 4144 et
3011 4079 3090 4144 in

527 4173 768 4238 castris
834 4191 1040 4240 senes
1103 4175 1280 4240 lacti.
1377 4173 1514 4239 Vlll
1576 4177 1672 4256 14,
1734 4178 1843 4240 14;
1922 4173 2131 4242 C--um
2198 4176 2434 4244 bestiis
2500 4176 2701 4242 simul
2768 4180 2834 4241 et
2900 4197 3089 4242 cum

525 4271 824 4356 egregiis
859 4271 1017 4338 viris
1052 4292 1161 4338 res
1195 4277 1320 4338 est.
1397 4271 1451 4337 V
1497 4274 1592 4354 12,
1639 4276 1749 4338 14;
1803 4274 1935 4340 sin
1959 4295 1994 4340 e
2031 4275 2207 4340 duce
2243 4293 2322 4340 ac
2360 4273 2552 4340 sine
2589 4274 2900 4360 imperio.

1453 4449 1561 4518 Ad
1600 4451 1682 4518 lv
1710 4455 1771 4532 ὁ,
1798 4454 1837 4517 9
1874 4473 2031 4539 pag.
2070 4454 2165 4517 16.

615 4529 932 4631 Ablativo
997 4567 1416 4653 gerundii
1469 4565 1749 4634 Curtius
1798 4567 1903 4634 his
1952 4567 2123 4634 locis
2175 4569 2413 4633 utitur:
2482 4567 2557 4633 111
2594 4570 2793 4648 11,5;
2861 4567 3087 4634 donec

521 4663 972 4730 vincendo
1025 4665 1256 4732 locum
1307 4665 1434 4731 sibi
1483 4666 1805 4748 lacerent.
1902 4665 2111 4746 11112‚
2156 4669 2221 4730 l:
2276 4665 2418 4732 Rex
2468 4665 2733 4731 avidius
2784 4664 3087 4731 Dareum
