3334 5292
1345 339 1790 402 -13„„.

381 515 642 582 Eodem
680 514 894 580 modo
929 514 1284 580 tractanda
1324 519 1503 595 sunt,
1537 516 1606 598 a)
1642 533 1817 601 quae
1846 515 1911 579 in
1948 515 2153 581 codd.
2189 508 2421 582 extant
2456 517 2618 583 Vllll
2646 521 2705 601 7,
2743 521 2848 584 19:

290 632 612 696 „aereum
679 611 999 699 clipeum,
1065 612 1355 695 hastam,
1421 632 1626 699 quam
1686 613 1974 679 sarisam
2023 618 2295 696 vocant,
2347 615 2536 682 laeva
2584 622 2849 700 tenens,

288 714 571 779 dextera
636 711 1010 776 lanceam.“
1088 708 1320 791 Germ,
1385 711 1493 776 cui
1557 710 1927 778 assentitur
1991 710 2207 779 Kinch
2273 711 2588 798 (Quaest.
2659 715 2848 784 Curt.

288 812 433 877 crit.
469 829 627 897 pag.
664 807 800 893 93),
853 813 1038 874 recte
1088 807 1412 874 intellexit
1447 809 1850 896 particulam
1888 810 2350 896 copulativam
2386 815 2848 882 necessariam

286 929 445 976 esse
517 908 688 973 inter
760 905 1101 993 ‘clipeum'
1175 910 1242 971 et
1314 905 1624 972 ‘hastam'
1691 906 2040 992 (1112,13:
2108 907 2347 995 clipeis
2414 911 2847 999 hastisque;

287 1006 371 1072 lV
406 1009 600 1088 4‚11:
650 1005 882 1092 gladio
933 1003 1405 1092 clipeoque);
1470 1025 1606 1070 non
1666 1004 1993 1072 intellexit
2042 1007 2441 1093 particulam
2494 1029 2645 1076 eam
2698 1031 2850 1078 cor-

285 1110 561 1193 ruptam
634 1105 842 1170 latere
916 1103 980 1168 in
1033 1102 1326 1189 ‘quam'
1377 1103 1573 1189 (qua)
1639 1103 1801 1169 item
1866 1109 2070 1191 atque
2128 1103 2193 1169 in
2242 1105 2423 1171 Med.
2459 1106 2619 1174 Tac.
2670 1107 2848 1175 Ann.

294 1205 395 1284 14,
432 1205 514 1267 24
563 1202 749 1287 (vide
797 1200 1225 1288 Nipperdey)
1278 1199 1696 1288 ‘pluraque'
1736 1201 1908 1267 abiit
1956 1202 2028 1266 in
2073 1202 2287 1288 ‘plura
2336 1207 2638 1290 quam’.-
2708 1205 2848 1274 Sed

286 1300 529 1387 Stangl
595 1304 780 1366 recte
845 1298 1090 1364 edidit:
1157 1317 1477 1379 „aereum
1543 1299 1840 1386 clipeum
1907 1301 2361 1387 hastamque
2425 1341 2511 1350 —-
2560 1305 2847 1371 sarisam

281 1403 540 1466 vocant
587 1436 672 1445 -
722 1398 915 1463 laeva
962 1400 1270 1462 tenenS.“

377 1497 447 1577 b)
495 1494 559 1561 X
596 1499 648 1578 l,
686 1497 795 1560 18:
850 1494 1264 1582 „Hispanias
1314 1493 1584 1576 deinde,
1635 1514 1807 1582 quas
1844 1494 2192 1562 Hiberiam
2222 1495 2471 1563 Graeci
2506 1518 2545 1565 a
2570 1499 2850 1568 flumine

286 1595 549 1661 Hibero
621 1594 986 1675 vocabant,
1057 1592 1310 1658 adire“.
1406 1591 1624 1677 Vogel
1690 1593 2008 1659 adnotat:
2078 1593 2226 1674 „Da
2291 1595 2412 1660 der
2478 1594 2641 1663 Satz
2707 1598 2848 1665 rein

284 1693 800 1781 parenthetisch
829 1691 934 1774 ist,
963 1711 1043 1757 so
1072 1693 1250 1756 ware
1277 1709 1484 1777 quam
1512 1691 1673 1756 dem
1702 1688 2325 1778 Sprachgebrauch
2354 1694 2478 1760 der
2504 1693 2851 1762 Klassiker

284 1790 937 1878 entsprechender.“
1006 1787 1236 1870 Recte,
1271 1788 1396 1854 sed
1432 1808 1565 1874 ego
1602 1789 1812 1854 credo
1848 1809 1932 1854 ne
1971 1787 2282 1855 Curtium
2319 1792 2597 1878 quidem
2635 1794 2850 1882 scrip-

284 1891 463 1957 sisse
515 1888 750 1976 ‘quas’,
816 1888 939 1954 sed
1009 1887 1075 1952 id
1140 1886 1327 1974 quod
1394 1884 1633 1972 Stangl
1700 1887 2057 1953 emendat:
2127 1886 2545 1975 „Hispanias
2597 1892 2847 1960 deinde

287 1989 508 2054 duas
557 2025 642 2034 —-
694 1985 1055 2051 Hiberiam·
1083 1983 1330 2052 Graeci
1381 2003 1418 2050 a
1457 1984 1737 2051 flumine
1775 1984 2033 2051 Hibero
2067 1986 2410 2052 vocabant
2459 2027 2545 2034 —
2593 1990 2845 2056 adire“.

286 2085 551 2152 ‘Duae
619 2082 1011 2172 Hispaniae'
1078 2083 1406 2170 probatur
1469 2083 1572 2148 his
1637 2083 1866 2158 lociszj
1930 2081 2130 2150 Caes.
2184 2084 2246 2150 b.
2284 2085 2557 2151 0129:
2625 2088 2848 2155 duas

287 2183 660 2270 Hispanias
711 2181 1101 2247 contirmari
1153 2181 1449 2247 nolebat.
1500 2180 1562 2246 b.
1600 2201 1658 2249 e.
1696 2180 1771 2245 lll
1816 2184 1923 2246 lO:
1992 2181 2247 2249 amissa
2297 2180 2528 2250 Sicilia
2578 2191 2642 2250 et
2694 2183 2848 2253 Sar-

286 2282 471 2348 dinia
521 2281 1045 2366 duabusque
1098 2279 1468 2366 Hispaniis.
1551 2278 1613 2343 b.
1651 2299 1709 2344 c.
1748 2278 1975 2344 11173:
2049 2281 2237 2367 quod
2312 2281 2529 2348 duas
2598 2283 2849 2371 Hispa-

286 2381 567 2447 nias...
620 2377 1026 2465 pacavisset.
1077 2415 1164 2424 -
1214 2374 1351 2443 Sed
1403 2376 1550 2442 sine
1601 2376 1820 2443 ‘duae'
1871 2378 1933 2443 b.
1973 2397 2029 2442 c.
2070 2377 2228 2442 185.

377 2478 447 2562 c)
496 2515 581 2524 -
631 2475 996 2547 Diversum
1063 2474 1308 2540 librarii
1373 2475 1704 2540 mendum
1754 2480 1858 2541 est
1906 2475 2197 2542 fortasse
2248 2477 2313 2540 in
2363 2476 2446 2542 Vl
2481 2480 2542 2558 4,
2586 2482 2681 2560 16,
2734 2479 2847 2545 ubi

287 2577 353 2640 in
405 2574 591 2641 libris
642 2573 968 2660 legimus:
1023 2573 1235 2638 “duo
1294 2577 1510 2639 terrae
1560 2573 1708 2638 eius
1758 2573 1942 2639 velut
1990 2573 2269 2640 brachia
2318 2577 2729 2641 excurrunt''
2781 2582 2848 2644 et
2892 2603 2895 2606 ⁴

282 2674 740 2740 emendamus
767 2676 881 2737 aut
908 2691 1066 2736 cum
1082 2670 1372 2756 Vogelio
1396 2670 1489 2757 ¹<q
1511 2691 1551 2734 u
1573 2672 1650 2752 o>
1678 2671 1719 2736 d
1741 2692 1782 2736 u
1803 2672 1866 2737 o'
1895 2675 2008 2736 aut
2037 2691 2195 2737 cum
2224 2670 2579 2758 Stangelio
2614 2673 2675 2760 ‘q
2697 2695 2739 2739 u
2760 2675 2846 2741 o’.

1411 2830 1522 2911 IV
1560 2831 1604 2910 5
1664 2832 1727 2910 8.

374 2966 442 3030 ln
492 2965 698 3031 codd.
750 2962 809 3029 A
859 2963 1192 3051 scriptum
1245 2964 1574 3050 legimus:
1610 2894 1785 3045 ⁹„Se
1850 2985 2235 3052 quoque,
2308 2985 2466 3031 cum
2532 2968 2848 3034 transiret

281 3082 492 3146 mare,
563 3083 702 3128 non
756 3060 1066 3128 Ciliciam
1133 3066 1248 3127 aut
1313 3061 1595 3149 Lydiam
1646 3101 1731 3109 —
1781 3062 2035 3150 quippe
2102 3063 2266 3129 tanti
2318 3063 2473 3128 belli
2526 3064 2848 3150 exiguam

277 3162 460 3227 hanc
511 3181 666 3226 esse
719 3159 1115 3226 mercedem
1151 3198 1236 3207 -
1270 3161 1394 3226 sed
1433 3159 1878 3247 Persepolim,
1914 3165 2122 3247 caput
2156 3161 2345 3247 regni
2397 3161 2565 3242 eius,
2602 3159 2850 3229 Bactra

279 3259 533 3324 deinde
584 3263 648 3324 et
699 3257 1046 3324 Ecbatana
1095 3258 1448 3345 ultimique
1500 3257 1799 3324 Orientis
1834 3277 2025 3324 oram
2063 3259 2352 3345 imperio
2392 3260 2843 3325 destinasse.“

374 3355 478 3422 De
529 3355 857 3442 particula
909 3355 1228 3442 ‘quoque'
1261 3354 1506 3422 scribit
1543 3353 2130 3422 Krebs-Schmalz
2157 3356 2689 3440 (Antibarbarus
2726 3358 2852 3423 der

277 3455 392 3521 lat.
432 3451 582 3541 Spr.
619 3457 678 3518 6.
712 3452 887 3520 Auil.
927 3453 972 3519 11
1009 3455 1188 3537 426).
1267 3451 1721 3538 „Quoque,
1767 3473 1923 3519 auc
1947 3454 2025 3534 h,
2061 3453 2421 3520 verbindet
2457 3455 2643 3521 nicht
2678 3455 2847 3521 zwei

279 3549 548 3618 S'atze
599 3551 1068 3631 miteinander,
1134 3551 1437 3616 sondern
1487 3550 1761 3616 bezieht
1808 3551 2096 3618 sienim
2149 3549 2353 3619 Satze
2404 3573 2532 3619 nur
2580 3554 2691 3619 aui
2739 3553 2847 3620 ein

274 3650 746 3716 einzelnes
796 3648 984 3713 Wort
1035 3649 1205 3714 oder
1253 3649 1366 3715 aul
1415 3648 1611 3714 einen
1663 3648 2017 3715 einzelnen
2070 3649 2446 3737 Begrill,
2512 3652 2845 3718 welchem

278 3767 359 3814 es
410 3747 619 3812 daher
667 3747 843 3812 auch
893 3746 1022 3812 last
1071 3746 1316 3811 immer
1364 3746 1805 3813 unmittelbar
1838 3747 2195 3814 enklitisch
2234 3750 2646 3836 nachlolgt.“
2724 3747 2849 3816 Se-

278 3845 588 3912 cundum
662 3844 836 3910 hanc
907 3844 1213 3929 regulam
1281 3844 1600 3932 ‘quoque'
1668 3844 1734 3908 in
1786 3863 1890 3926 eo,
1957 3864 2162 3931 quem
2214 3865 2421 3932 supra
2471 3848 2846 3930 attulimuS,

278 3942 567 4010 circuitu
621 3941 913 4028 pertinet
960 3941 1048 4008 ad
1100 3962 1484 4028 pronomen
1539 3941 1679 4008 ‘se'.
1776 3940 1914 4009 Sed
1966 3961 2125 4008 cum
2170 3942 2234 4008 in
2271 3944 2846 4030 praecedentibus

275 4040 637 4107 sententiis
711 4039 970 4104 nullum
1045 4041 1461 4106 vocabulum
1526 4039 1631 4120 sit,
1699 4059 2003 4126 quocum
2071 4060 2458 4127 pronomen
2512 4041 2627 4109 ‘se'
2679 4043 2748 4128 (i.
2786 4063 2875 4132 e„

275 4137 784 4222 Alexandrum)
858 4137 1197 4223 iungatur,
1271 4137 1491 4223 Vogel
1557 4142 1623 4203 et
1689 4136 1979 4204 Damste
2054 4137 2457 4224 particulam
2525 4139 2843 4227 ‘quoque'

276 4235 704 4317 deleverunt,
756 4232 998 4320 Stangl
1033 4234 1130 4301 ‘se
1165 4235 1465 4322 quidem'
1503 4254 1627 4321 pro
1666 4234 1762 4300 ‘se
1809 4237 2108 4322 quoque'
2147 4237 2398 4323 posuit.
2482 4237 2645 4303 lllud
2683 4238 2846 4303 mihi

277 4333 649 4400 violentius
684 4332 970 4414 videtur,
1006 4333 1193 4420 quod
1230 4353 1365 4398 non
1395 4332 1740 4418 intellegO,
1776 4332 2135 4419 quomodo
2173 4334 2501 4420 particula
2535 4335 2597 4399 in
2635 4335 2847 4401 libros

279 4432 466 4498 illata
516 4432 638 4513 sit;
689 4431 822 4496 hoc
873 4434 1113 4516 argute
1163 4430 1633 4516 excogitatum
1686 4430 1867 4496 haud
1919 4430 2159 4517 paucis
2195 4433 2531 4519 exemplis
2567 4433 2843 4520 probari

273 4533 545 4618 potest;
611 4548 768 4594 nam
818 4528 970 4594 adv,
1011 4527 1329 4614 ‘quidem’
1382 4527 1563 4614 apud
1633 4525 1950 4594 Curtium
2003 4530 2197 4606 24><
2246 4531 2574 4616 coniungi
2624 4531 2876 4596 cerni-'

274 4647 438 4693 mus
488 4646 646 4692 cum
698 4625 1109 4712 pronomine
1160 4625 1502 4713 personali
1553 4625 1674 4708 (se
1725 4626 2114 4712 quidem:
2167 4625 2248 4691 Vl
2286 4629 2345 4709 6,
2383 4630 2455 4710 5;
2509 4626 2590 4692 Vl
2625 4631 2684 4708 9,
2730 4630 2844 4711 ¹83
