3334 5292
1629 379 1715 388 -
1810 343 1893 406 22
1987 379 2072 388 .-

1704 517 1978 612 V7‚4.

660 654 728 718 ln
781 615 987 768 codfftl.
1039 653 1096 720 A
1148 659 1287 721 est:
1367 652 1552 734 „Rex
1607 673 1886 740 quoque
1943 653 2206 719 avidior
2275 653 2395 718 fuit
2459 672 2666 740 quam
2734 653 3153 741 patientior:

569 751 774 835 ‘Quin
825 752 1107 838 igitur
1156 752 1551 818 ulciscimur
1601 748 1966 817 Graeciam
2018 755 2083 816 et
2135 751 2281 817 urbi
2329 751 2516 817 iaces
2566 751 2999 818 subdimus?

658 850 982 916 lnutiliter
1047 850 1266 936 Vogel
1331 855 1397 916 et
1447 848 1737 914 Damste
1801 849 2048 915 edunt:
2124 848 2326 932 ‘Quin
2395 849 2713 936 igitur'‚
2778 849 3158 936 (inquit)

569 948 698 1013 ulc.
737 997 751 1012 .
789 948 882 1013 ‚P’
950 949 1006 1014 si
1071 948 1351 1035 quidem
1417 951 1481 1012 et
1548 946 1775 1012 Livius
1848 947 2216 1013 duodecim
2282 948 2420 1013 iere
2494 947 2663 1013 locis
2728 951 2793 1012 et
2857 945 3156 1012 Tacitus

568 1050 752 1112 certe
788 1050 1109 1133 quattuor
1145 1045 1315 1112 locis
1350 1065 1435 1113 ex
1462 1045 1775 1110 oratione
1810 1044 2088 1131 obliqua
2124 1045 2187 1110 in
2217 1045 2601 1112 orationem
2630 1048 2889 1110 rectam
2918 1048 3157 1110 trans-

566 1148 729 1209 eunt
779 1144 1115 1212 omisso
1168 1143 1422 1231 ‘inquit’
1491 1143 1577 1209 ad
1614 1143 1948 1229 impetum
2000 1143 2397 1229 augendum
2434 1142 2542 1227 (V.
2572 1141 2900 1228 Draeger,
2939 1141 3151 1228 Synt.

571 1262 633 1306 u.
672 1239 794 1308 Stil
831 1240 895 1307 d.
930 1241 1125 1307 Tac.²
1159 1244 1197 1307 2
1233 1261 1390 1328 pag.
1437 1243 1577 1321 114,
1613 1239 1652 1327 ξ
1691 1242 1870 1325 256).

1692 1420 1901 1515 V12‚
1930 1422 1993 1501 9.

661 1554 727 1618 ln
764 1553 823 1618 A
859 1554 1176 1619 traditur:
1255 1553 1499 1633 „Tum
1549 1572 1715 1618 vero
1768 1552 2128 1620 custodiae
2178 1552 2326 1618 eius
2375 1552 2664 1633 adsueti,
2715 1572 2892 1638 quos
2951 1554 3152 1638 regis

569 1652 862 1718 salutem
913 1652 1019 1717 vel
1085 1651 1406 1737 periculis
1457 1652 1632 1718 vitae
1699 1651 1868 1717 tueri
1934 1650 2323 1737 oportebat,
2390 1650 2635 1737 dilapsi
2699 1656 2858 1715 sunt
2923 1655 3105 1715 tum
3132 1705 3150 1733 ‚

569 1749 871 1825 armatiS‚
908 1768 1084 1836 quos
1120 1749 1252 1814 iam
1282 1749 1653 1816 adventare
1681 1748 2075 1829 credebant,
2112 1749 2293 1814 haud
2322 1748 2444 1813 rati
2472 1767 2546 1814 se
2573 1748 2838 1814 futuros
2865 1754 3145 1834 pares.“

661 1846 792 1912 Pro
828 1847 1158 1934 particula
1207 1846 1446 1928 'tum’‚
1498 1866 1704 1934 quam
1743 1847 2099 1932 superiore
2134 1847 2289 1912 loco
2325 1851 2503 1932 apte,
2555 1846 2939 1933 posteriore
2978 1847 3149 1912 loco

571 1964 778 2032 prave
831 1945 994 2031 poni
1044 1945 1489 2032 perspicuum
1541 1949 1665 2026 est,
1720 1944 2137 2010 Freinsheim
2190 1950 2256 2010 et
2306 1944 2594 2010 Damste
2644 1944 2891 2009 edunt:
2960 1943 3145 2010 ‘tot’

569 2043 639 2127 (i.
679 2063 735 2108 e.
771 2048 872 2109 tot
920 2043 1252 2127 armatis),
1303 2043 1369 2108 id
1419 2043 1607 2130 quod
1645 2041 1884 2124 Kinch,
1936 2061 2093 2128 pag.
2130 2044 2234 2124 47,
2285 2041 2599 2108 subtilius
2650 2061 2855 2129 quam
2906 2042 3148 2108 verius

569 2141 1052 2223 commendat;
1104 2140 1323 2226 Vogel
1373 2145 1654 2206 auclore
1709 2140 1931 2226 leepio
1976 2139 2249 2206 ‘metu'
2293 2139 2621 2206 adsciscit
2662 2160 2745 2206 ex
2790 2139 2863 2204 111
2903 2143 2997 2221 ll,
3038 2143 3144 2204 12.

572 2236 709 2306 Sed
769 2259 927 2305 cum
993 2258 1223 2320 causa,
1290 2259 1411 2305 cur
1477 2239 1809 2305 custodes
1874 2239 2056 2324 regis
2121 2238 2363 2324 dilapsi
2429 2237 2583 2319 sint,
2650 2258 2734 2304 ex
2799 2243 3143 2325 sequente

569 2338 908 2402 sententia
958 2336 1359 2422 participiali
1412 2336 1711 2402 ‘armatis
1748 2388 1761 2400 .
1800 2388 1813 2401 .
1853 2387 1866 2400 .
1903 2336 2085 2402 haud
2119 2336 2242 2402 rati
2286 2356 2359 2402 se
2401 2337 2665 2402 futuros
2700 2336 2922 2422 pares’
2966 2337 3141 2402 satis

569 2440 918 2521 appareat,
957 2433 1186 2500 ‘metu'
1216 2434 1447 2500 inutile
1475 2438 1541 2500 et
1567 2453 2161 2520 supervacaneum
2193 2453 2346 2500 esse
2376 2453 2581 2499 nemo
2610 2455 2747 2500 non
2779 2434 3137 2520 intellegit.

567 2531 669 2598 Ne
716 2533 930 2618 plura,
977 2529 1278 2612 CurtiuS,
1329 2532 1396 2598 id
1433 2532 1621 2619 quod
1657 2532 1823 2598 vidit
1852 2530 2112 2618 Stangl,
2165 2551 2288 2618 pro
2327 2531 2754 2597 ‘tum-tum'
2799 2532 3140 2618 scriperat

569 2629 970 2696 ‘tum-tam
993 2630 1112 2695 en’
1165 2629 1735 2717 significabatque
1770 2630 2104 2696 custodes
2141 2630 2344 2716 regie,
2382 2649 2800 2717 quamquam
2837 2630 3139 2696 salutem

567 2728 714 2794 eius
780 2728 968 2794 omni
1034 2728 1286 2793 auxilio
1354 2729 1523 2794 tueri
1597 2728 1961 2810 debebant,
2038 2728 2318 2793 nihilo
2394 2728 2680 2793 minus
2752 2727 2836 2792 ab
2902 2727 3137 2794 officio

565 2826 942 2892 recessisse
974 2844 1279 2912 suaeque
1314 2826 1512 2892 saluti
1550 2830 1621 2891 ut
1656 2827 2116 2907 consulerent,
2152 2827 2353 2911 fugae
2389 2846 2463 2892 se
2499 2826 2798 2892 dedisse.
2891 2872 2896 2879 -

657 2923 760 2990 De
813 2923 1000 2989 ‘tum’
1051 2927 1117 2989 et
1168 2921 1350 2989 ‘tam'
1403 2923 1709 2989 confusis
1759 2946 1819 2989 v.
1849 2923 2066 3011 Vogel
2112 2925 2176 2988 in
2219 2944 2473 2989 comm.
2519 2924 2660 2990 crit.
2699 2924 2784 2989 ad
2821 2922 2928 2987 Vll
2958 2925 3016 3002 3,
3060 2927 3137 2987 12

567 3026 632 3087 et
670 3020 984 3088 Hedickii
1035 3041 1270 3109 appar.
1309 3021 1450 3086 crit.
1488 3022 1574 3087 ad
1609 3021 1691 3086 Vl
1727 3024 1787 3103 4,
1834 3024 1943 3103 143
1995 3021 2075 3086 Vl
2112 3023 2172 3103 8,
2218 3026 2235 3086 1
2269 3043 2283 3102 ;
2335 3020 2443 3086 Vll
2479 3024 2537 3102 5,
2574 3024 2677 3087 42.
2716 3092 2721 3096 ,

657 3117 1140 3186 Rhetorica
1203 3140 1368 3185 vero
1435 3120 1544 3186 illa
1609 3121 1980 3207 particulae
2033 3119 2303 3186 ‘tamen'
2364 3126 2523 3207 post
2573 3120 2857 3185 verbum
2925 3139 3134 3184 suum

566 3217 818 3304 positio
871 3238 1008 3283 non
1061 3218 1273 3284 modo
1327 3215 1646 3284 Ciceroni
1699 3223 1765 3284 et
1814 3218 2004 3284 alteri
2042 3216 2385 3292 Ciceroni,
2438 3217 2475 3282 i.
2513 3238 2570 3283 e.
2609 3215 2824 3283 Plinio
2863 3217 3135 3300 minori,

565 3315 914 3380 tritissima
941 3320 1065 3395 est,
1095 3316 1219 3381 sed
1248 3335 1332 3380 ne
1355 3313 1594 3382 Curtio
1624 3317 1903 3403 quidem
1934 3316 2235 3397 insolita3
2270 3316 2571 3402 agedum
2602 3334 3133 3401 comparemus:

655 3412 707 3476 V
744 3415 804 3493 3,
840 3415 916 3478 8:
986 3413 1216 3478 multis
1282 3433 1448 3499 ergo
1499 3414 1895 3480 vulneribus
1962 3413 2252 3500 depulsi,
2319 3417 2391 3479 ut
2454 3413 2703 3499 quibus
2764 3433 2901 3478 non
2968 3432 3133 3478 cum

564 3511 765 3579 hoste
815 3512 1064 3592 solum,
1130 3512 1255 3576 sed
1307 3511 1509 3576 etiam
1563 3532 1721 3577 cum
1774 3512 1930 3578 loco
2000 3512 2468 3577 dimicandum
2536 3517 2741 3592 esset,
2808 3510 3133 3577 subibant

563 3611 894 3690 tamen,
945 3609 1145 3695 quia
1181 3660 1195 3675 .
1230 3660 1295 3674 ..

653 3705 731 3770 lV
762 3709 964 3786 6,31:
1032 3726 1328 3794 namque
1379 3707 1583 3773 etiam
1635 3708 1963 3774 secundis
2012 3708 2476 3774 atterebantur
2527 3710 2809 3773 tamen
2862 3706 3130 3792 copiae.

653 3803 732 3869 lV
759 3807 854 3887 13,
875 3807 993 3870 32:
1022 3803 1361 3892 Adeoque
1387 3805 1607 3870 aciem
1636 3805 2046 3872 versabilem
2076 3805 2327 3892 posuit,
2358 3810 2429 3871 ut
2456 3806 2569 3892 qui
2599 3805 2813 3870 ultimi
2833 3804 3131 3885 stabant,

563 3922 647 3967 ne
697 3902 1238 3985 circumirentur,
1288 3903 1458 3968 verti
1508 3906 1798 3969 tamen
1850 3909 1915 3970 et
1952 3904 2015 3968 in
2058 3905 2353 3970 frontem
2405 3903 2780 3989 circumagi
2819 3907 3128 3989 possent.

651 3999 902 4082 V11115,
942 4003 1044 4066 12:
1100 4001 1211 4066 llle
1247 4005 1339 4081 ut,
1376 4005 1746 4087 antequam
1783 4002 2062 4067 ultimus
2098 4000 2376 4088 spiritus
2413 4001 2757 4080 deiiceret,
2792 4001 3131 4066 dimicans

563 4102 850 4162 tamen
899 4099 1476 4184 exstingueretur.

1690 4205 1801 4286 Ἦ
1837 4206 1889 4301 1,
1918 4205 2006 4286 11.

652 4338 850 4404 Extat
884 4338 949 4403 in
986 4339 1191 4405 codd.
1219 4338 1315 4404 A:
1371 4339 1723 4420 „Tandem
1754 4338 2106 4405 Laconum
2142 4340 2326 4406 acies
2363 4341 2833 4425 languescere,
2870 4339 3127 4404 lubrica

560 4455 752 4502 arma
779 4437 1034 4502 sudore
1061 4437 1175 4502 vix
1203 4437 1573 4521 sustinenS,
1595 4438 1846 4524 pedem
1879 4438 2129 4504 deinde
2159 4438 2405 4504 referre
2433 4438 2683 4524 coepit,
2720 4443 2806 4504 ut
2842 4441 3127 4522 urgente

560 4534 761 4600 hoste
811 4535 1112 4621 apertius
1161 4535 1582 4622 lugeret“.
1674 4535 1876 4620 (Vide
1929 4536 2271 4602 ‘addenda
2320 4539 2387 4601 et
2444 4536 2876 4622 corrigenda’
2943 4535 3124 4621 apud

563 4631 875 4698 Hedicke
926 4637 992 4698 et
1043 4632 1355 4699 Damstei
1406 4652 1564 4719 app.
1618 4633 1795 4718 crit).
