3334 5292
1525 294 1919 356 -6—

441 472 750 553 arbitror,
816 489 1015 536 sacro
1067 475 1132 536 et
1181 469 1548 535 venerabili
1612 489 1733 535 ore
1780 468 2317 550 <tuo>trahitur“.
2400 467 2677 535 Rectius
2726 465 3001 554 Stangl:

443 570 609 658 „sed
647 589 827 634 nunc
863 587 1021 634 vere
1055 567 1343 633 arbitror
1377 586 1576 633 sacro
1613 571 1679 634 et
1705 566 2073 633 venerabili
2110 586 2229 632 ore
2264 566 2493 632 trahi
2529 571 2743 632 tuo“.
2797 563 3005 632 Certe

441 687 526 734 ne
577 687 789 733 unum
839 666 1118 754 quidem
1170 665 1564 752 exemplum
1617 665 1864 745 inveni,
1930 684 2067 752 quo
2120 664 2208 744 id,
2273 665 2460 752 quod
2519 668 2622 730 est
2675 663 3003 731 ‘arbitror'

441 765 692 852 pariter
746 769 950 851 atque
1003 763 1288 850 ‘opinor’
1341 761 1714 848 (V16,ll),
1783 763 2035 829 ‘credo'
2088 762 2290 846 (1112,
2327 765 2438 844 163
2502 762 2575 827 lll
2620 765 2862 844 13,17;
2924 761 3005 827 lV

450 866 545 944 15,
576 867 639 928 11
673 884 686 944 ;
724 861 778 926 V
816 863 1008 944 l,27;
1045 859 1126 925 Vl
1154 863 1356 944 9‚35;
1400 860 1510 926 Vll
1541 863 1699 944 8‚9;
1739 859 1899 926 Vllll
1927 863 1986 943 5,
2018 860 2123 946 11)
2159 860 2539 948 similiaque
2572 860 2783 926 verba
2817 865 3007 927 extra

440 961 818 1027 sententiae
855 959 1443 1026 constructionem
1496 959 1699 1024 inseri
1736 978 1945 1046 posse
1996 958 2346 1045 probetur.
2421 957 2690 1025 Deinde
2727 956 3005 1025 Curtius

442 1059 715 1145 triginta
765 1058 957 1138 locis,
1009 1076 1186 1144 quos
1227 1057 1475 1144 collegi
1526 1057 1591 1122 in
1625 1056 2112 1124 additamentis
2145 1076 2303 1143 pag.
2332 1059 2415 1122 36
2443 1076 2567 1143 sq.‚
2619 1076 3004 1144 pronomen

443 1156 921 1243 possessivum
974 1156 1038 1221 in
1090 1155 1395 1221 clausula
1444 1155 1768 1222 circuitus
1820 1155 2013 1243 ponit
2061 1159 2125 1221 et
2176 1155 2454 1242 quidem
2514 1156 2603 1220 ita
2652 1173 2883 1240 saepe,
2934 1158 3004 1219 ut

439 1255 728 1321 verbum
779 1255 1163 1320 includatur
1212 1253 1490 1319 nomine
1540 1253 1973 1320 substantivo
2024 1256 2090 1320 et
2125 1272 2230 1335 eo,
2281 1254 2470 1339 quod
2511 1253 2598 1319 ad
2648 1252 2715 1318 id
2751 1272 3005 1318 nomen

443 1353 754 1440 pertinet,
799 1351 1212 1440 pronomine
1248 1351 1676 1438 possessivo.
1742 1351 1897 1417 Non
1934 1350 2217 1417 dubium
2255 1355 2379 1431 est,
2416 1351 2576 1438 quin
2614 1350 3003 1437 pronomini

442 1453 533 1517 ita
582 1450 810 1537 posito
849 1449 1067 1516 maior
1100 1449 1201 1515 vis
1237 1449 1414 1532 insit,
1465 1449 1532 1514 id
1563 1450 1751 1536 quod
1788 1450 1921 1515 hoc
1958 1449 2111 1536 ipso
2147 1450 2301 1515 loco
2340 1448 2720 1536 requiritur.
2788 1447 3004 1513 Etiam

447 1546 694 1615 Cicero
745 1548 928 1614 haud
995 1568 1148 1614 raro
1210 1567 1595 1634 pronomen
1649 1547 2127 1635 possessivum
2199 1545 2655 1613 rhetorice
2706 1546 2770 1611 in
2821 1546 3004 1611 clau-

443 1647 591 1714 sula
641 1647 852 1733 ponit,
900 1646 1086 1712 velut
1137 1646 1317 1732 legg.
1354 1648 1414 1726 2,
1443 1647 1527 1710 45
1577 1667 1617 1712 o
1656 1645 1899 1712 miram
1951 1645 2358 1712 memoriam
2395 1644 2737 1731 Pomponi
2786 1644 3002 1710 tuaml

444 1745 530 1810 de
580 1765 677 1810 or.
713 1746 773 1826 2,
803 1746 965 1809 276:
1020 1742 1412 1830 Quod-ego
1463 1764 1602 1810 non
1651 1763 2016 1830 cognosco
2065 1763 2335 1825 vocem,
2386 1741 2620 1830 inquit,
2672 1743 2908 1809 tuam?

529 1842 631 1908 Ne
681 1841 844 1907 illud
895 1841 1172 1928 quidem
1225 1841 1285 1907 ei
1335 1842 1774 1908 coniecturae
1824 1842 2074 1922 obstat,
2132 1841 2321 1928 quod
2374 1840 2684 1908 ‘arbitror
2888 1860 3005 1905 ore
3059 1925 3063 1930 ,

440 1941 608 2007 trahi
645 1941 784 2006 tuo'
821 1939 1136 2006 scribitur
1177 1960 1314 2005 non
1350 1939 1585 2005 addito
1624 1939 1825 2005 ‘eum’
1876 1940 1939 2004 h.
1970 1959 2025 2005 e.
2062 1939 2399 2026 spiritum,
2452 1939 2637 2026 quod
2689 1938 3006 2005 substan-

439 2038 652 2104 tivum
703 2043 807 2105 est
858 2037 1245 2103 subiectum
1312 2036 1685 2124 superioris
1738 2036 2137 2104 sententiae.
2218 2037 2395 2102 Nam
2443 2057 2831 2123 pronomen
2888 2037 3004 2102 de-

442 2135 970 2203 monstrativum
1021 2140 1088 2201 et
1138 2135 1500 2221 personale
1551 2139 1689 2200 tam
1741 2134 1986 2201 crebro
2028 2155 2067 2202 a
2104 2133 2343 2201 Curtio
2395 2134 2615 2202 omitti
2663 2135 3002 2216 videmuS,

439 2240 512 2300 ut
565 2252 1077 2322 supervacuum
1127 2237 1330 2319 atque
1381 2232 1613 2299 inutile
1663 2233 1770 2314 sit,
1821 2233 2139 2320 exempla
2188 2251 2613 2299 enumerare.
2686 2231 2823 2316 (De
2876 2232 3001 2298 hac

439 2353 510 2398 re
560 2332 784 2419 agitur
833 2331 1019 2418 apud
1070 2329 1433 2417 Vogelium
1488 2332 1538 2396 l3
1589 2331 1870 2418 praef.§
1916 2333 2087 2415 121).

1475 2490 1591 2573 111
1628 2492 1953 2592 6‚19s20.

528 2623 744 2712 Vogel
797 2625 1401 2712 interpungit:
1458 2623 1709 2706 „Aetas
1759 2646 2038 2713 quoque
2072 2625 2184 2690 vix
2234 2625 2437 2691 tantis
2475 2629 2740 2691 matura
2775 2625 3000 2707 rebuS‚

438 2723 562 2788 sed
611 2723 886 2790 abunde
951 2724 1298 2790 sufficiens
1364 2724 1596 2790 omnia
1645 2725 1792 2790 eius
1858 2743 2070 2810 opera
2120 2724 2529 2790 honestabat
2580 2728 2645 2789 et
2694 2761 2779 2770 —-
2830 2743 3002 2809 quae

438 2820 695 2886 leviora
759 2821 989 2887 haberi
1055 2822 1389 2904 solent,
1486 2822 2010 2908 plerumque
2085 2822 2351 2888 militari
2416 2820 2716 2908 gratiora
2793 2821 3001 2906 vulgo

437 2924 596 2984 sunt
630 2957 715 2966 -
750 2919 1147 2985 exercitatio
1184 2919 1500 3006 corporis
1536 2920 1709 2986 inter
1754 2920 1966 3006 ipSOS,
2018 2920 2241 2985 cultus
2277 2920 2687 3006 habitusque
2723 2919 3001 3006 paulum

437 3037 477 3082 a
527 3017 790 3103 privato
841 3017 1242 3099 abhorrens,
1297 3017 1602 3084 militaris
1651 3019 1881 3103 vigor:
1935 3017 2088 3104 quis
2140 3018 2245 3083 ille
2280 3018 2385 3083 vel
2437 3017 2689 3103 ingenii
2724 3017 3001 3083 dotibus

435 3114 542 3180 vel
577 3115 781 3180 animi
817 3115 1096 3198 artibuS,
1147 3120 1218 3181 ut
1254 3117 1503 3202 pariter
1538 3135 1737 3182 carus
1774 3135 1853 3182 ac
1891 3116 2323 3182 venerandus
2360 3120 2564 3195 esset,
2616 3115 2997 3182 effecerat“.

437 3211 742 3278 Adnotat
785 3217 1015 3280 tamen
1066 3215 1249 3280 idem
1303 3215 1365 3278 in
1416 3213 1919 3280 commentario
1971 3213 2244 3281 critico:
2302 3211 2773 3294 „Schwanken
2824 3214 3001 3278 kann

440 3329 618 3393 man,
677 3311 766 3376 ob
819 3311 1224 3400 plerumque
1290 3312 1477 3378 nicht
1527 3332 1611 3376 zu
1663 3312 1888 3378 solent
1952 3332 2039 3376 zu
2087 3311 2330 3378 ziehen
2382 3310 2480 3377 sei
2545 3311 2788 3397 (vergl.
2842 3309 2999 3378 Sall.

440 3407 580 3494 lug.
616 3412 722 3491 ὁὸ,
751 3411 824 3490 2;
879 3409 1016 3476 Liv.
1053 3413 1113 3490 ὁ,
1143 3413 1247 3490 34,
1278 3412 1382 3494 5);
1435 3430 1509 3476 es
1544 3411 1779 3475 wiirde
1830 3410 2010 3476 dann
2056 3410 2177 3475 der
2211 3409 2390 3475 volle
2424 3409 2842 3475 Nachdruck
2893 3409 3003 3473 aut

437 3506 702 3572 militari
751 3507 972 3587 fallen,
1025 3509 1201 3573 auch
1252 3508 1342 3574 im
1396 3510 1454 3573 2.
1493 3506 1695 3574 Glied
1738 3508 1887 3573 eine
1925 3507 2470 3593 Beschrankung
2503 3507 2998 3593 hinweglallen,

435 3604 545 3669 die
582 3605 735 3670 dort
771 3605 932 3671 sehr
966 3606 1387 3672 entbehrlich
1425 3605 1757 3672 scheint“.
1833 3605 1979 3693 Ego
2015 3625 2233 3693 aeque
2269 3624 2349 3672 ac
2385 3603 2627 3691 Stangl
2664 3605 2820 3671 huic
2856 3604 3003 3691 opi-

434 3700 620 3767 nioni
669 3703 1029 3769 assentior.
1105 3703 1279 3770 Nam
1334 3702 1614 3770 Curtius
1665 3724 1803 3769 non
1855 3704 2085 3770 dicere
2136 3708 2367 3790 potest
2415 3706 2500 3770 ab
2552 3702 3001 3768 universis

437 3800 950 3866 hominibus
1017 3802 1578 3868 exercitationem
1645 3802 1959 3888 corporis
2024 3820 2337 3888 quaeque
2402 3802 2530 3868 alia
2594 3802 2781 3867 aftert
2832 3801 3002 3867 levia

437 3897 832 3979 existimari,
883 3900 1008 3965 sed
1044 3918 1333 3965 necesse
1369 3919 1525 3965 esse
1576 3899 1992 3966 omnibus
2044 3899 2521 3982 militibus,
2574 3921 2712 3966 non
2765 3898 3001 3987 pleris-

433 4015 588 4082 que,
642 3995 750 4060 illa
798 4003 994 4083 grata
1042 4017 1218 4063 esse.
1295 3995 1409 4062 Vis
1460 3997 1840 4064 sententiae
1907 3997 2154 4084 prioris
2220 3997 2611 4065 continetur
2673 3996 2998 4064 adverbio

435 4092 904 4180 ‘plerumque’‚
955 4095 1144 4183 quod
1195 4095 1351 4161 ideo
1385 4095 1682 4182 graviter
1732 4096 1796 4160 in
1833 4096 2139 4161 clausula
2174 4097 2468 4182 ponitur.
2545 4094 3001 4178 Quintilianus

432 4191 712 4277 quidem
764 4193 1094 4280 praecipit
1144 4194 1328 4278 (inst.
1382 4198 1548 4259 orat.
1588 4192 1699 4274 lX,
1736 4196 1796 4276 4,
1826 4195 1975 4277 29);
2046 4191 2313 4281 „Saepe
2363 4199 2591 4260 tamen
2645 4199 2748 4260 est
2796 4194 3001 4261 vehe-

434 4309 632 4355 mens
681 4289 924 4376 aliquis
976 4291 1225 4358 sensus
1276 4292 1338 4356 in
1376 4292 1626 4358 verbo:
1679 4292 1867 4378 quod
1920 4291 1975 4358 si
2026 4292 2091 4356 in
2128 4292 2355 4358 media
2399 4295 2587 4379 parte
2624 4292 3001 4358 sententiae

433 4386 613 4468 latet,
665 4388 950 4454 transire
987 4389 1435 4456 intentionem
1488 4394 1554 4456 et
1588 4389 1940 4456 obscurari
1977 4389 2625 4457 circumiacentibus
2675 4390 2885 4472 solet;
2937 4389 3002 4454 in

433 4484 739 4551 clausula
789 4487 1093 4573 positum
1145 4487 1534 4573 assignatur
1583 4487 1877 4554 auditori
1930 4492 1996 4554 et
2045 4488 2373 4574 intigitur:
2437 4489 2635 4576 quale
2686 4488 2848 4553 illud
2898 4492 3002 4554 est

438 4580 819 4664 CiceroniS,
896 4583 982 4651 Ut
1049 4584 1166 4650 tibi
1232 4605 1522 4652 necesse
1588 4591 1775 4652 esset
1840 4587 1904 4650 in
1972 4591 2357 4672 conspectu
2424 4586 2660 4673 populi
2713 4584 3000 4652 Romani
