3334 5292
1290 405 1733 469 ...15-

251 586 461 652 Tertio
528 585 661 650 iam
729 583 837 650 die
904 582 1191 649 mixtum
1248 583 1509 649 flumini
1559 582 1832 648 subibat
1885 601 2090 663 mare,
2142 582 2272 648 leni
2323 582 2549 649 adhuc
2600 587 2793 650 aestu

247 683 696 750 confundente
769 681 1083 768 dispares
1150 681 1434 747 undas.“
1531 680 1708 747 Nam
1782 681 1953 746 haec
2020 681 2357 748 sententia
2422 681 2795 768 particulae

245 783 502 848 subest:
554 779 820 846 Eodem
855 779 1124 860 ardore,
1160 779 1352 866 (quin
1388 777 1592 845 etiam
1630 777 1918 862 maiore)
1947 797 2084 866 quo
2120 779 2342 865 primo
2379 778 2510 859 die,
2548 775 2795 845 milites

245 878 550 966 proximo
607 877 959 944 ardebant.

289 1015 294 1024 ι
329 975 537 1044 Aliter
568 975 975 1062 explicanda
1015 979 1121 1041 est
1155 973 1507 1061 particula,
1560 975 1644 1040 de
1681 994 1817 1062 qua
1852 974 2307 1062 disputamus,
2358 974 2423 1040 in
2460 974 2568 1040 Vll
2598 978 2658 1057 4,
2688 977 2792 1055 22,

247 1074 359 1139 ubi
406 1074 470 1138 in
516 1073 713 1140 codd.
765 1073 1101 1160 scriptum
1154 1072 1482 1158 legimus:
1551 1072 1990 1153 „Alexander
2037 1062 2792 1161 Caucasum‘quidem,

253 1175 322 1236 ut
353 1191 546 1258 supra
570 1171 830 1238 dictum
858 1176 983 1252 est,
1013 1170 1389 1251 transierat,
1418 1170 1543 1236 sed
1572 1170 1803 1258 inopia
1835 1171 2153 1238 frumenti
2188 1191 2230 1258 q
2252 1191 2293 1236 u
2314 1191 2356 1238 o
2377 1192 2419 1259 q
2441 1192 2482 1237 u
2503 1191 2540 1237 e
2575 1191 2794 1258 prope

257 1269 336 1334 ad
386 1269 619 1335 famem
680 1272 960 1336 ventum
1018 1273 1226 1335 erat“.
1310 1267 1585 1351 Guinta,
1647 1289 1807 1335 cum
1859 1289 1995 1357 quo
2049 1267 2469 1335 recentiores
2518 1269 2792 1350 faciunt,

255 1366 630 1432 adverbium
684 1366 1002 1454 ‘quoque’
1069 1367 1277 1434 deleri
1339 1366 1503 1433 vult.
1584 1366 1838 1433 Verum
1904 1367 1971 1435 si
2022 1367 2409 1455 ‘quoque'
2475 1367 2793 1434 falsum

253 1467 400 1545 cst,
464 1464 760 1550 primum
810 1463 991 1530 aliud
1039 1464 1461 1530 vocabulum
1513 1464 1985 1551 quaerendum
2036 1468 2161 1546 est,
2229 1464 2411 1530 unde
2463 1464 2792 1530 mendum

247 1565 465 1626 natum
499 1561 830 1629 videatur.
907 1560 1223 1629 Occurrit
1279 1562 1440 1627 mihi
1507 1561 1846 1629 ‘frumenti
1912 1563 2561 1650 pecorumque',
2612 1562 2794 1628 velut

245 1658 558 1744 legimus:
625 1656 988 1739 V11n6‚3:
1040 1660 1346 1747 pervenit
1412 1660 1476 1725 in
1543 1655 1899 1746 regionem
1966 1660 2310 1726 desertam
2376 1659 2657 1748 quidem
2709 1660 2793 1725 ab

244 1755 490 1839 incoliS,
544 1758 669 1825 sed
718 1758 1062 1824 frumento
1114 1762 1178 1824 et
1230 1757 1721 1844 pecoribus
1771 1757 2259 1824 abundantem.
2333 1757 2388 1822 V
2426 1761 2486 1841 5,
2517 1761 2635 1824 24:
2689 1777 2794 1824 ar-

247 1861 458 1920 menta
508 1876 669 1922 cum
721 1856 1206 1942 pecoribus
1256 1874 1335 1921 ac
1369 1856 1713 1921 frumento
1751 1855 1929 1921 data.
2001 1855 2136 1921 Vlll
2173 1858 2232 1938 4,
2272 1858 2381 1921 19:
2435 1875 2592 1922 nam
2631 1854 2794 1924 Sisi·
2911 1897 2917 1902 -

197 2013 202 2022 .
247 1952 509 2019 mithres
563 1954 775 2020 multa
824 1954 1127 2020 iumenta
1190 1957 1257 2019 et
1305 1953 1729 2020 camelorum
1781 1952 1918 2019 duo
1972 1940 2153 2020 rfiilia
2202 1953 2489 2020 adduxit
2538 1974 2794 2042 peco-

239 2069 496 2138 raque
547 2055 613 2118 et
663 2057 1007 2118 armenta:
1059 2071 1234 2139 quae
1285 2051 1643 2118 distributa
1678 2051 1928 2138 pariter
1978 2051 2257 2117 militem
2310 2055 2375 2117 et
2419 2051 2675 2118 damno
2728 2056 2794 2118 et

233 2147 400 2214 farne
451 2149 932 2216 liberaverunt.
1013 2147 1416 2229 V11118‚29:
1485 2168 1779 2235 magnae
1831 2149 1987 2215 inde
2038 2149 2336 2235 praedae
2388 2155 2582 2215 actae
2633 2154 2793 2216 sunt

233 2264 651 2331 pecorum
702 2251 1334 2334 armentorumque,
1386 2247 1617 2332 magni
1650 2246 1771 2312 -vis
1821 2251 2090 2333 reperta
2137 2247 2475 2313 frumenti.

315 2341 602 2430 Optimo
654 2349 884 2411 autem
928 2344 1070 2410 iure
1108 2341 1347 2430 Stangl
1384 2363 1423 2410 a
1456 2345 1798 2431 scriptura
1831 2344 2154 2410 codicum
2192 2346 2517 2412 recedere
2554 2346 2789 2412 noluit.

230 2439 634 2508 Particulam
689 2442 1007 2530 ‘quoque’
1075 2443 1189 2508 hic
1255 2443 1664 2530 interpretor
1730 2442 2047 2528 ‘sogar'
2096 2439 2554 2530 Curtiumque
2619 2444 2788 2510 haec

228 2538 613 2624 significare
649 2540 950 2607 voluisse
987 2540 1234 2607 credo:
1291 2539 1485 2621 „Non
1537 2541 1753 2607 modo
1790 2559 2046 2627 pecora
2095 2546 2160 2606 et
2194 2540 2300 2607 alii
2337 2546 2792 2623 commeatus,

231 2638 377 2702 sed
426 2638 694 2704 etiam
761 2677 846 2686 —-
897 2639 964 2705 id
1013 2640 1202 2727 quod
1254 2639 1468 2705 multo
1519 2639 1800 2726 gravius
1849 2643 1953 2705 est
2000 2677 2086 2686 —-
2134 2639 2550 2705 frumentum
2603 2659 2794 2708 exer-

232 2734 433 2800 citum
466 2736 875 2803 defecerat“.
953 2737 1393 2803 Frumentum
1428 2757 1594 2803 vero
1633 2757 1777 2803 rem
1813 2756 1969 2803 esse
2007 2737 2199 2803 militi
2234 2757 2441 2803 unam
2479 2738 2813 2803 omnium·

228 2834 524 2900 maxime
575 2836 1038 2902 necessariam
1099 2840 1166 2901 et
1215 2855 1349 2922 qua
1397 2835 1652 2902 diutius
1718 2855 1923 2922 quam
1990 2854 2383 2922 perpaucos
2446 2835 2593 2903 dies
2644 2837 2790 2902 sine

227 2932 527 2999 maximo
580 2937 646 2998 et
687 2953 1063 3020 corporum
1115 2938 1180 2999 et
1215 2933 1602 2999 animorum
1639 2934 2052 3000 detrimento
2107 2954 2245 2999 non
2280 2938 2578 3017 careant,
2631 2954 2787 3000 cum

225 3049 340 3116 per
388 3051 465 3097 se
518 3035 824 3117 apparet,
876 3035 1019 3096 tum
1071 3031 1190 3114 eiS,
1242 3051 1416 3119 quae
1468 3029 1749 3098 Curtius
1800 3031 2082 3119 exponit
2133 3029 2195 3096 X
2229 3034 2290 3113 8,
2330 3030 2435 3104 lll
2450 3033 2558 3096 12:
2622 3031 2790 3112 „His

225 3127 762 3215 cogitationibus
813 3129 1085 3195 animos
1151 3129 1558 3211 exedebant,
1626 3150 1786 3196 cum
1838 3129 2274 3196 adnuntiatur
2324 3132 2609 3217 equiteS,
2676 3131 2789 3218 qui

225 3226 346 3291 sub
381 3225 716 3292 Perdicca
750 3232 1004 3308 essent,
1050 3227 1408 3313 occupatis
1443 3227 1624 3293 circa
1660 3226 2013 3313 Babylona
2048 3227 2314 3314 campis
2347 3227 2787 3309 frumentum,

225 3325 407 3410 quod
477 3324 543 3388 in
610 3324 850 3391 urbem
916 3326 1328 3406 vehebatur,
1394 3325 1779 3392 retinuisse.
1876 3325 2108 3412 ltaqua
2171 3325 2403 3412 inopia
2467 3326 2787 3413 primum,

224 3421 469 3488 deinde
521 3422 795 3490 fames
845 3443 1002 3490 esse
1037 3423 1330 3510 coepit“.
1407 3421 1589 3505 Quid
1640 3423 1829 3510 quod
1868 3422 2145 3505 Caesar,
2196 3424 2296 3489 vir
2339 3423 2644 3490 militaris
2696 3424 2789 3490 rei

223 3539 345 3584 usu
373 3519 801 3608 scientiaque
831 3521 1053 3607 magis
1088 3541 1294 3609 quam
1327 3526 1638 3586 veterum
1676 3520 2039 3608 quisquam
2078 3521 2357 3607 perituS,
2410 3541 2536 3588 nec
2572 3523 2787 3588 semel

219 3635 343 3682 nec
410 3637 619 3684 secus
670 3618 756 3684 de
806 3619 1051 3684 eadem
1111 3617 1448 3684 sententia
1497 3617 1696 3699 dicit;
1746 3619 1931 3684 velut
1980 3617 2088 3684 Vll
2127 3620 2222 3699 17,
2252 3622 2327 3685 3:
2383 3671 2440 3700 „.
2472 3671 2485 3684 .
2515 3639 2788 3686 summa

221 3713 616 3782 difficultate
683 3716 778 3783 rei
840 3715 1320 3784 frumentariae
1393 3715 1664 3782 adfecto
1733 3715 2037 3782 exercitu
2245 3736 2464 3805 usque
2530 3736 2650 3800 e0,
2718 3722 2788 3783 ut

227 3812 619 3900 complures
671 3814 817 3881 dies
866 3815 1309 3881 frumento
1362 3813 1609 3880 milites
1654 3813 1997 3880 caruerint
2046 3820 2112 3879 et
2148 3834 2474 3900 pecore
2525 3835 2609 3880 ex
2645 3818 2791 3881 lon·

223 3908 699 3996 ginquioribus
732 3912 902 3979 vicis
928 3913 1177 3978 adacto
1212 3917 1594 3978 extremam
1629 3912 1880 3979 famem
1917 3916 2447 3978 sustentarent“.
2469 3951 2553 3959 -
2581 3911 2791 3979 Parti-

222 4007 449 4073 culam
514 4009 836 4097 ‘quoque'
909 4015 1138 4077 autem
1212 4009 1397 4097 apud
1466 4007 1781 4076 Curtium
1851 4008 1988 4074 vim
2062 4010 2486 4096 gradationis
2559 4015 2790 4077 tenere

219 4103 440 4192 Vogel
488 4108 556 4173 in
608 4109 814 4195 praef.
851 4109 904 4174 13
939 4127 1095 4195 pag.
1133 4110 1207 4173 51
1251 4107 1290 4195 ξ
1336 4110 1454 4173 153
1476 4110 1543 4174 al
1594 4107 1936 4195 exposuit.
2010 4107 2374 4194 (Exempla
2424 4109 2672 4196 collegi
2724 4110 2787 4175 in

220 4203 428 4271 addit.
465 4225 624 4292 pag.
664 4207 798 4290 41).

1341 4349 1454 4430 IV
1492 4350 1554 4446 6,
1583 4352 1646 4430 9.

309 4496 586 4566 Habent
635 4499 843 4566 codd.
879 4499 975 4566 A:
1030 4501 1402 4588 „multique
1437 4501 1969 4567 vulnerabantur
2009 4500 2311 4587 impune,
2364 4521 2522 4567 cum
2560 4501 2785 4568 idem

217 4595 945 4685 recipiendis‘qui
996 4598 1454 4664 admovendis
1505 4599 1806 4665 turribus
1857 4599 2049 4664 labor
2100 4618 2223 4665 eos
2272 4598 2650 4684 fatigaret“.

311 4692 516 4761 Haud
565 4696 712 4762 scio
764 4715 850 4762 an
902 4715 1108 4763 nemo
1159 4696 1339 4761 hunc
1391 4695 1761 4763 ablativum
1797 4696 2178 4784 gerundivi,
2245 4697 2464 4784 qualis
2514 4697 2619 4780 sit,
2672 4718 2787 4764 ex-
