3334 5292
1510 350 1596 358 .-
1691 313 1730 374 4
1824 348 1909 358 .-

1010 491 1144 566 DE
1207 489 1780 568 CODlClBUS
1843 489 2410 568 CURTlANlS.

435 621 716 733 quuoae
766 621 957 708 ratio:
985 622 1207 722 intejr
1189 621 1492 688 :codices
1556 621 1993 687 historiarum
2050 619 2241 688 Curti
2290 626 2495 704 extet,
2560 623 2989 710 supersedeo

432 698 698 808 planius
749 704 1132 787 disserere?
1138 719 1356 786 ”Nam
1394 718 1819 807 opinionem,
1869 739 2075 806 quam
2116 719 2427 786 Hedicke
2464 675 2550 786 de
2584 721 2713 788 hac
2748 742 2817 788 re
2852 724 2993 789 edi-

351 818 532 928 ..adit
533 815 961 934 (flsszGustit
939 817 1155 884 codd.
1157 812 1318 883 tide
1342 820 1547 904 atque
1581 816 2007 883 auctoritate.
2060 815 2309 883 Bernb.
2347 819 2562 902 1870),
2606 819 2992 888 doctissimi

343 912 397 952 ·‘
422 911 558 981 viri
583 912 824 982 secuti
866 899 1072 996 suin?
1095 893 1303 982 nemo
1340 914 1705 980 luculentis
1740 914 1969 981 causis
2004 915 2335 981 refutavit.
2412 915 2725 983 Hedicke
2761 923 3004 986 autem.

429 1012 662 1080 statuit
713 1013 1029 1080 codicem
1067 1012 1472 1095 Parisinum,
1524 1031 1945 1099 quamquam
1996 1032 2036 1079 a
2084 1013 2377 1099 simplici
2428 1014 2706 1080 homine
2749 1016 2991 1084 vitiose

430 1110 938 1198 transcriptum,
1002 1110 1339 1198 genuinas
1388 1109 1723 1176 lectiones
1772 1110 1916 1176 sive
1968 1115 2241 1197 apertas
2290 1111 2433 1177 sive
2485 1113 2796 1180 occultas
2847 1115 2992 1180 dili-

426 1208 832 1297 gentissime
889 1213 954 1277 et
1005 1207 1521 1277 accuratissime
1587 1227 1861 1274 servare
1911 1213 1978 1275 et
2027 1209 2249 1295 primo
2300 1209 2457 1275 loco
2509 1209 2574 1274 in
2626 1211 2990 1278 consilium

427 1307 896 1376 adhibendum
931 1327 1109 1390 esse,
1152 1307 1464 1373 secundo
1493 1307 1651 1372 loco
1689 1306 1898 1372 libros
1932 1306 2207 1373 alterius
2241 1307 2516 1394 generis
2543 1306 2991 1394 Bernensem,

430 1405 926 1488 Florentinum,
1001 1405 1440 1486 Leidensem,
1521 1401 1962 1470 Vossianum.
2065 1402 2989 1493 Vaticanum-Reginensem

428 1509 657 1571 autem
709 1524 794 1570 ex
835 1504 989 1591 ipso
1041 1503 1349 1570 Parisino
1404 1502 1589 1568 nullo
1641 1501 1888 1568 codice
1939 1502 2295 1569 interiecto
2348 1503 2684 1590 originem
2737 1506 2991 1574 ducere

430 1603 693 1690 primus
730 1601 1058 1669 Kinchius
1108 1600 1424 1686 (Quaest.
1464 1597 1653 1667 Curt.
1692 1600 1835 1666 crit.
1876 1599 2187 1667 Hauniae
2233 1601 2428 1687 1883)
2480 1606 2663 1669 recte
2715 1603 2902 1670 vidit.

515 1699 748 1766 Altera
781 1699 1050 1780 familia,
1093 1718 1269 1786 quae
1304 1698 1668 1765 codicibus
1706 1697 2130 1785 interpolatis
2164 1704 2734 1787 repraesentatur,
2773 1722 2991 1790 prope

429 1798 589 1863 nihil
641 1796 967 1884 ponderis
1019 1797 1352 1884 pretiique
1402 1796 1626 1863 habet.

344 1945 354 1956 .
517 1893 625 1961 Ad
675 1894 958 1961 codices
1009 1895 1074 1959 in
1125 1899 1454 1961 contextu
1520 1895 1724 1959 huius
1775 1893 2278 1960 dissertationis
2340 1894 2835 1981 significandos
2887 1898 2989 1965 his

311 1983 317 1990 ’
425 1994 606 2059 notis
656 1997 838 2059 utar:

516 2089 657 2156 1³-
591 2123 658 2130 -
679 2087 1061 2171 Parisinus·

516 2189 569 2254 Β
606 2188 652 2254 Ρ
691 2187 914 2254 LV=
937 2187 1328 2269 BeruensiS,
1380 2186 1832 2268 Florentinus,
1885 2186 2261 2268 Leidensis,
2313 2187 2713 2256 Vossianus.

514 2285 663 2352 A=
685 2305 1073 2353 consensus
1124 2285 1330 2352 codd.
1368 2282 1418 2349 P
1454 2284 1506 2351 B
1546 2285 1591 2350 Ρ
1628 2283 1676 2348 L
1704 2283 1781 2349 V.

516 2382 667 2452 C=
687 2403 1075 2450 consensus
1125 2383 1331 2449 codd.
1369 2382 1422 2447 Β
1460 2381 1538 2469 Ρ
1544 2381 1695 2447 LV.

591 2483 890 2549 ==codd.
928 2481 1338 2568 interpolati.

888 2663 1022 2762 DE
1083 2660 1450 2756 LlssRls,
1517 2660 1898 2759 oufflus
1963 2661 2221 2738 usus
2282 2661 2518 2738 suM.

509 2794 618 2861 Ad
667 2796 842 2861 hanc
879 2793 1370 2861 elaborandam
1423 2793 2085 2860 commentationem
2137 2795 2261 2860 has
2296 2794 2636 2860 editiones
2669 2793 2983 2860 adhibui:

424 2893 506 2976 Q.
547 2891 738 2960 Curti
776 2891 922 2959 Rufi
975 2890 1126 2957 hist.
1162 2889 1357 2957 Alex.
1395 2891 1576 2978 Mag.
1611 2891 1789 2958 Mac.
1842 2891 2007 2974 libri,
2059 2892 2172 2978 qui
2223 2912 2488 2979 supers.
2566 2889 2634 2956 Ε.
2674 2890 2984 2958 Hedicke

420 3011 682 3058 recenS.
757 2990 979 3056 Berol.
1031 2989 1215 3076 apud
1252 2989 1748 3056 Weidmannos
1792 2991 1977 3054 1867.
2055 2988 2137 3072 Q.
2178 2987 2369 3055 Curti
2406 2988 2554 3056 Ruti
2597 2989 2751 3055 hist.
2787 2988 2982 3055 Alex.

418 3089 599 3174 Mag.
651 3087 1026 3154 Mac.-libri
1078 3086 1191 3174 qui
1243 3107 1510 3175 supers.
1563 3107 1797 3172 recog.
1834 3086 2245 3153 Theodorus
2282 3085 2522 3174 Vogel.
2598 3086 2867 3174 Lipsiae
2918 3087 2981 3152 in

416 3187 566 3254 aed.
603 3184 680 3251 B.
719 3184 800 3252 G.
838 3184 1179 3251 Teubneri
1227 3187 1409 3251 1881.
1486 3184 1568 3268 Q.
1608 3183 1803 3251 Curti
1841 3183 1988 3251 Rufi
2034 3185 2187 3251 hist.
2223 3185 2416 3252 Alex.
2454 3185 2634 3271 Mag.
2672 3184 2818 3250 libri
2870 3185 2983 3272 qui

417 3304 686 3372 supers.
759 3282 805 3348 Ρ
815 3287 889 3349 111·
924 3284 1057 3349 den
1095 3281 1662 3369 Schulgebrauch
1707 3283 1868 3349 erkl.
1902 3303 2040 3348 von
2076 3282 2403 3350 Theodor
2436 3281 2676 3369 Vogel.
2753 3282 2984 3348 Erstes

418 3382 815 3464 Bandchen,
860 3381 1051 3446 Buch
1091 3380 1334 3446 lll—V.
1388 3381 1607 3447 Dritte
1644 3379 1955 3467 Auilage,
2001 3383 2185 3446 1885.
2254 3381 2547 3448 Zweites
2583 3380 2981 3460 Bandchen,

417 3478 611 3546 Buch
646 3478 908 3545 Vl—X.
981 3479 1237 3545 Zweite
1287 3477 1596 3565 Aullage,
1660 3481 1843 3546 1880.
1921 3478 2222 3566 Leipzig,
2274 3479 2508 3545 Druck
2558 3479 2699 3544 und
2734 3477 2983 3564 Verlag

413 3598 552 3644 von
602 3576 678 3643 B.
717 3576 800 3645 G.
836 3576 1176 3644 Teubner.

507 3673 590 3758 Q.
630 3673 823 3743 Curti
874 3674 1022 3742 Ruti
1074 3675 1228 3742 11131.
1263 3673 1459 3741 Alex.
1495 3674 1677 3760 Mag.
1717 3676 1888 3742 Mac.
1934 3674 2077 3740 libri
2128 3674 2244 3761 qui
2292 3695 2559 3761 supers.
2636 3673 2756 3739 Ed.
2794 3673 2865 3739 Ρ.
2898 3672 2980 3738 Η.

417 3773 725 3840 Damste.
801 3771 1223 3860 Groningae,
1275 3772 1340 3839 in
1390 3773 1540 3839 aed.
1591 3771 1642 3858 J.
1675 3772 1748 3839 B.
1778 3773 2091 3854 Wolters,
2152 3774 2336 3838 1897.

506 3869 588 3953 Q.
628 3869 819 3938 Curti
871 3869 1020 3937 Rufi
1071 3871 1225 3937 hist.
1261 3869 1456 3936 Alex.
1501 3869 1683 3958 Mag.
1722 3870 1896 3938 Mae.
1950 3870 2096 3935 libri
2147 3870 2261 3956 qui
2312 3889 2580 3956 supers.
2668 3867 2797 3934 Fiir
2848 3869 2981 3934 den

349 4012 354 4018 -
416 3966 986 4056 Schulgebrauch
1051 3968 1623 4054 herausgegeben
1678 3989 1816 4034 von
1866 3967 1989 4033 Th.
2035 3966 2299 4054 Stangl.
2381 3967 2682 4054 Leipzig,
2735 3966 2984 4052 Verlag

412 4087 552 4133 von
603 4065 686 4134 G.
725 4065 1033 4154 Freytag,
1088 4068 1273 4132 1902.

507 4162 852 4232 Codicum
903 4164 1236 4231 lectiones
1301 4168 1366 4230 et
1417 4163 1790 4230 doctorum
1840 4163 2297 4244 coniecturas,
2364 4183 2535 4250 quas
2597 4162 2981 4229 afferendas

413 4261 667 4349 putavi,
718 4261 1045 4349 repperiri
1083 4266 1398 4349 possunt,
1449 4261 1506 4327 si
1557 4261 1718 4328 nihil
1769 4261 1951 4328 aliud
1986 4261 2193 4342 addo,
2246 4261 2309 4326 in
2360 4265 2692 4348 apparatu
2745 4259 2978 4326 critico

412 4359 794 4426 editionum
849 4358 1166 4425 Hedickii
1217 4364 1282 4425 et
1332 4358 1667 4426 Damstei.
1743 4357 1872 4424 Alii
1923 4359 2067 4425 libri
2118 4380 2246 4426 suo
2298 4359 2455 4424 loco
2508 4358 2889 4424 afferentur.
