3334 5292
1517 277 1915 339 —8-

433 450 838 536 fugientium
905 451 1260 517 haesurus.
1331 448 1445 516 ⁴At
1509 450 1618 532 illi,
1684 470 1979 538 quorum
2046 454 2520 537 amputaverat
2583 469 2854 532 manus,
2912 451 3002 517 ad

438 547 1178 614 castra-Macedonum
1250 552 1629 636 penetrant,
1703 547 2005 614 Dareum
2078 552 2335 634 quanto
2410 547 2717 614 maximo
2788 567 3001 614 cursu

433 650 676 735 posset
740 646 934 733 sequi
999 645 1409 712 nuntiantes.
1506 644 1632 710 Vix
1684 646 1858 712 fides
1907 645 2303 712 habebatur.
2400 645 2631 732 ltaque
2682 647 3005 733 specula-

435 747 625 810 tores
656 745 810 827 <rex
845 744 944 826 in>
978 744 1353 810 maritimas
1403 744 1723 830 regiones
1758 744 2181 830 praemissos
2216 744 2576 830 explorare
2611 743 2798 810 iubet
2833 795 2847 809 .
2887 795 2901 809 .
2940 749 2999 809 .“

438 840 586 908 Hac
632 842 1018 909 narratione
1052 841 1360 908 alacriter
1394 841 1817 928 procedente
1853 838 2131 908 Curtius
2164 861 2295 908 nos
2328 841 2414 907 ab
2448 841 2755 908 exercitu
2792 841 3003 908 Darei

437 939 502 1003 in
570 944 794 1006 castra
857 940 1439 1006 Macedonum
1506 939 1714 1006 ducit.
1811 938 1909 1004 Ex
1958 939 2199 1006 castris
2247 939 2714 1006 Macedonum
2764 944 2999 1006 autem

436 1037 690 1103 nemini
763 1037 890 1104 nisi
954 1036 1350 1104 Alexandro
1424 1037 1608 1103 licuit
1673 1037 2147 1125 speculatores
2212 1037 2670 1125 praemittere.
2768 1037 3002 1124 ltaque

436 1135 746 1222 quisquis
797 1135 905 1202 illa
953 1135 1162 1201 verba
1210 1135 1449 1221 legerit
1499 1139 1883 1216 attente,
1934 1135 2082 1222 ipse
2132 1134 2551 1221 cogitatione
2600 1134 3001 1202 subiectum

438 1232 806 1320 supplebit.

524 1330 606 1397 lV
665 1334 757 1412 12,
809 1334 927 1396 24:
982 1330 1167 1412 „Nec
1218 1331 1352 1396 iam
1388 1330 1723 1397 contineri
1759 1330 2184 1398 Macedones
2219 1335 2556 1418 poterant,
2593 1331 2756 1419 quin
2792 1351 3001 1398 cursu

435 1449 714 1516 quoque
763 1429 850 1496 ad
901 1429 1172 1495 hostem
1225 1428 1744 1494 contenderent.
1841 1428 2084 1495 Melius
2134 1429 2360 1495 adhuc
2414 1434 2601 1496 ratus
2644 1429 2709 1494 in
2744 1430 3002 1496 eodem

434 1527 717 1593 cumulo
768 1531 992 1593 castra
1027 1526 1311 1608 munire,
1343 1527 1532 1609 (rex)
1563 1527 1813 1592 vallum
1851 1527 1977 1593 iaci
2014 1526 2269 1592 iussit.“
2331 1525 2553 1593 Facile
2589 1527 3005 1612 intellegitur

437 1624 942 1691 Macedonibus
977 1624 1062 1690 ab
1098 1643 1338 1690 eorum
1385 1643 1589 1709 rege
1624 1625 2033 1710 imperatum
2069 1643 2246 1704 esse,
2283 1629 2353 1690 ut
2388 1625 2641 1690 vallum
2678 1625 3000 1691 iacerent.

527 1721 609 1786 lV
663 1725 764 1805 15,
817 1725 890 1788 6:
947 1722 1142 1802 „Non
1216 1721 1536 1789 fefellerat
1609 1721 2157 1802 Parmenionem,
2230 1723 2344 1809 qui
2416 1721 2481 1787 in
2555 1723 2751 1788 laevo
2818 1728 3001 1789 erat:

435 1840 729 1908 propere
779 1820 984 1907 igitur
1032 1817 1532 1907 Polydamanta
1581 1820 1802 1900 mittit,
1854 1821 1966 1906 qui
2017 1825 2082 1886 et
2133 1820 2510 1908 periculum
2577 1821 3002 1903 ostenderet,

435 1924 501 1985 et
551 1919 715 2005 quid
748 1918 892 1984 fieri
926 1919 1188 1985 iuberet
1220 1919 1426 2001 (rex),
1463 1919 1915 1985 consuleret.“
2013 1917 2157 1985 Nec
2190 1938 2355 1984 vero
2395 1918 2649 1985 rectius
2687 1917 3003 1985 Hedicke

435 2017 704 2083 scribit:
759 2017 1004 2097 „mittit
1048 2017 1170 2100 <ad
1223 2018 1558 2104 regem>“.
1654 2015 1830 2081 Nam
1867 2015 2254 2096 Parmenio,
2290 2016 2404 2103 qui
2438 2016 2587 2103 ipse
2622 2016 2814 2082 alteri
2848 2037 3003 2083 cor-

434 2115 548 2180 nui
614 2119 946 2202 praeerat,
1012 2134 1220 2201 quem
1284 2114 1490 2181 alium
1558 2113 2030 2200 interrogaret,
2094 2114 2258 2201 quid
2323 2114 2463 2180 fieri
2528 2115 2812 2195 iuberet,
2874 2115 3003 2180 nisi

436 2232 694 2298 regem,
745 2213 858 2299 qui
909 2231 1332 2278 summam
1384 2211 1648 2299 imperii
1696 2213 2006 2278 teneret?

522 2309 604 2376 vl
639 2313 698 2392 5,
743 2313 853 2376 17:
909 2310 1220 2390 „Incolae
1270 2315 1501 2376 autem
1553 2309 1682 2376 ritu
1717 2310 2010 2376 ferarum
2046 2310 2338 2395 virgulta
2371 2310 2601 2376 subire
2636 2310 2819 2376 soliti
2854 2314 3001 2375 tum

438 2428 715 2495 quoque
766 2408 1182 2475 intraverant
1230 2408 1480 2475 saltum
1531 2407 1963 2495 occultisque
2020 2408 2168 2474 telis
2217 2408 2491 2474 hostem
2543 2408 3001 2474 lacessebant.

438 2506 550 2572 llle
596 2506 992 2571 venantium
1046 2506 1259 2572 modo
1311 2505 1587 2572 latibula
1650 2510 1994 2573 scrutatus
2060 2506 2427 2592 plerosque
2478 2506 2808 2572 confodit.
2892 2503 3002 2570 Ad

438 2603 752 2669 ultimum
804 2603 1168 2670 circumire
1215 2606 1404 2687 (rex)
1451 2604 1699 2670 saltum
1752 2603 1999 2670 milites
2050 2603 2253 2684 iubet,
2304 2608 2375 2669 ut
2424 2603 2481 2669 si
2531 2623 2666 2690 qua
2716 2608 3001 2690 pateret,

439 2701 954 2789 irrumperent.“
1054 2699 1456 2768 Subiectum
1523 2702 2001 2788 praecedentis
2064 2702 2444 2768 sententiae
2502 2704 2606 2767 est
2658 2701 2807 2767 ‘ille'
2860 2701 2901 2768 i.
2940 2722 3000 2767 e.

441 2800 661 2866 hostis
710 2799 854 2865 sive
903 2799 1221 2866 Macedo.
1306 2799 1461 2865 Hoc
1511 2799 1900 2864 subiectum
1952 2800 2079 2865 levi
2130 2799 2527 2880 mutatione,
2578 2819 2755 2886 quae
2805 2819 3002 2887 prae-

435 2897 697 2980 dicato,
763 2897 950 2984 quod
1017 2902 1122 2963 est
1189 2897 1414 2962 ‘iubet’
1481 2895 1793 2978 efficitur,
1860 2897 2062 2963 etiam
2121 2902 2526 2983 sequentem
2583 2897 2999 2964 sententiam

394 3021 398 3024 ’
432 2995 624 3081 regit.
2200 2995 2215 3009 '

526 3092 633 3158 Vll
671 3096 729 3176 2,
775 3097 884 3159 13:
940 3094 1119 3174 „lam
1169 3093 1508 3180 armigeri,
1559 3093 1809 3180 quibus
1860 3093 2265 3179 imperatum
2317 3098 2480 3174 erat,
2530 3094 3003 3180 produxerant

432 3213 578 3272 eoS‚
630 3212 790 3258 cum
841 3211 1229 3278 exanguem
1282 3196 1468 3257 metu
1518 3190 2018 3278 Polydamanta
2068 3192 2352 3278 propius
2415 3191 2750 3257 accedere
2812 3193 3003 3274 (rex)

432 3290 618 3356 iubet
653 3289 1163 3376 summotisque
1197 3289 1541 3371 omnibuS,
1578 3287 1916 3369 ‘Scelere‘,
1952 3289 2185 3376 inquit,
2223 3289 2719 3356 ‘Parmenionis
2750 3309 3001 3356 omnes

432 3389 685 3475 pariter
733 3387 1016 3475 adpetiti
1067 3407 1330 3468 sumuS,
1382 3387 1682 3453 maxime
1732 3408 1867 3474 ego
1917 3407 1996 3452 ac
2034 3391 2123 3465 tu,
2171 3407 2347 3474 quos
2388 3387 2727 3454 amicitiae
2765 3387 3000 3474 specie

429 3486 742 3552 fefellit'.“
822 3485 975 3551 Hoc
1026 3485 1183 3551 loco
1233 3485 1620 3551 subiectum
1672 3486 1758 3551 ad
1810 3484 2302 3571 praedicatum,
2352 3485 2541 3572 quod
2592 3489 2697 3550 est
2749 3485 2999 3566 ‘iubet’,

429 3584 782 3671 pertinens
831 3604 870 3650 a
919 3583 1305 3670 legentibus
1367 3583 1561 3650 facile
1625 3583 1963 3649 conicitur
2018 3603 2104 3648 ex
2153 3584 2609 3670 praecedente
2660 3583 2999 3650 sententia

434 3682 710 3748 relative
763 3681 1032 3769 ‘quibus
1084 3672 1514 3767 imperatum
1545 3681 1730 3746 erat’.
1820 3679 1994 3746 Nam
2032 3700 2190 3746 cum
2242 3701 2280 3746 a
2329 3700 2535 3767 rege
2586 3681 2998 3769 imperatum

439 3784 629 3847 esset
677 3779 818 3864 (Vll
848 3781 908 3860 2,
946 3781 1074 3863 11),
1127 3782 1198 3843 ut
1225 3777 1640 3864 Polydamas
1676 3783 1742 3844 et
1775 3779 2016 3845 fratres
2051 3779 2197 3844 eius
2233 3780 2804 3866 producerentur,
2847 3799 3001 3866 per-

435 3879 756 3966 spicuum
807 3882 913 3944 est
963 3877 1310 3942 neminem
1361 3875 1487 3942 nisi
1537 3896 1774 3962 regem
1826 3877 2326 3963 productos
2376 3876 2661 3944 iussisse
2710 3878 2999 3965 propius

434 3978 791 4043 accedere.
861 3974 947 4040 Hi
983 3974 1373 4061 quinque
1416 3973 1569 4056 loci,
1606 3974 1855 4061 quibus
1890 3974 2277 4040 subiectum
2306 3975 2369 4040 in
2399 3975 2605 4043 codd.
2635 3975 2999 4059 omissum,

429 4075 496 4140 in
557 4074 972 4140 editionibus
1028 4073 1338 4138 additum
1397 4076 1502 4139 est
1557 4111 1642 4120 —
1698 4076 2017 4159 quater
2070 4092 2109 4139 a
2167 4072 2520 4159 Stangelio
2578 4094 2860 4162 quoque
2912 4080 2999 4122 ‘—-

430 4177 721 4240 cunctae
773 4171 1170 4260 praedicato
1222 4175 1509 4237 utuntur·
1548 4163 1761 4236 verbo
1814 4170 2200 4236 iubendi.

523 4270 653 4336 Hic
683 4290 860 4337 unus
887 4269 983 4356 (X
1013 4275 1072 4351 1,
1101 4271 1252 4353 39):
1307 4267 1698 4356 „Coeperat
1726 4287 1881 4334 esse
1909 4286 2246 4355 praeceps
2270 4270 2459 4352 (rex)
2484 4271 2569 4336 ad
2599 4291 3002 4358 repraesen-

431 4369 637 4436 tanda
685 4368 1064 4456 supplicia“
1118 4368 1250 4435 alio
1316 4367 1570 4454 regitur
1635 4365 2056 4453 praedicato.
2153 4363 2291 4432 Sed
2342 4367 2456 4433 hic
2508 4388 2788 4456 quoque
2839 4371 3001 4436 sub-

434 4467 688 4532 iectum
740 4486 825 4532 ex
875 4470 1206 4532 contextu
1253 4465 1621 4531 verborum
1674 4463 1772 4530 sic
1822 4463 2016 4530 facile
2066 4463 2291 4530 conici
2342 4471 2593 4551 potest,
2631 4473 2723 4548 ut,
2759 4487 3001 4554 quam-

434 4583 640 4650 quam
692 4563 1370 4651 praetermissionem
1423 4561 1713 4629 subiecti
1764 4562 2004 4627 duram
2055 4581 2211 4626 esse
2261 4562 2497 4646 fateor,
2564 4569 2794 4631 tamen
2846 4586 3001 4633 eam
